%%%A


@article{AmbrosioCabre,
	author = {Ambrosio, L. and Cabré, X.},
	title = "{Entire solutions of semilinear elliptic equations in $\mathbb{R}^3$ and a conjecture of De Giorgi}",
	journal = {J. Amer. Math. Soc.},
	volume = {13},
	pages = {725–739},
	year = {2000}
}

@article{AmickToland,
	author = {Amick, C.J. and Toland, J.F.},
	title = "{Uniqueness and related analytic properties for the Benjamin-Ono equation - a nonlinear Neumann problem in the plane}",
	journal = {Acta Math.},
	volume = {167},
	pages = {107–126},
	year = {1991}
}

@article{Appell, 
	author = {Appell, P.}, 
	title = "{Sur les fonctions hypergéométriques de plusieurs variables}", 
	journal = {Mémoir. Sci. Math.}, 
	volume = {3}, 
	pages = {1-75}, 
	year = {1925} 
} 

%%%B

@article{BarriosFigalliValdinoci,
	author = {Barrios, B. and Figalli, A. and Valdinoci, E.},
	title = "{Bootstrap regularity for integro-differential operators and its application to nonlocal minimal surfaces}",
	journal = {Ann. Sc. Norm. Super. Pisa Cl. Sci. (5)},
	volume = {13},
	pages = {609–639},
	year = {2014}
}

@article {BarriosEtAl-Monotonicity,
	AUTHOR = {Barrios, B. and Del Pezzo, L. and Garc\'ia-Meli\'an,
	J. and Quaas, A.},
	TITLE = {Monotonicity of solutions for some nonlocal elliptic problems in half-spaces},
	JOURNAL = {Calc. Var. Partial Differential Equations},
	VOLUME = {56},
	YEAR = {2017},
	PAGES = {Art. 39, 16},
}

@article {BarriosEtAl-Symmetry,
	AUTHOR = {Barrios, B. and Del Pezzo, L. and Garc\'ia-Meli\'an,
	J. and Quaas, A.},
	TITLE = {Symmetry results in the half space for a semi-linear fractional Laplace equation through a one-dimensional analysis},
	JOURNAL = {preprint},
	YEAR = {2017},
}

@article {BarriosEtAl-Liouville,
	AUTHOR = {Barrios, B. and Del Pezzo, L. and Garc\'ia-Meli\'an,
	J. and Quaas, A.},
	TITLE = {A {L}iouville theorem for indefinite fractional diffusion
	equations and its application to existence of solutions},
	JOURNAL = {Discrete Contin. Dyn. Syst.},
	VOLUME = {37},
	YEAR = {2017},
	PAGES = {5731--5746},
	ISSN = {1078-0947},
	DOI = {10.3934/dcds.2017248},
	URL = {https://doi.org/10.3934/dcds.2017248}
}

@article{BerestyckiCaffarelliNiremberg-Monotonicity,
	author = {Berestycki, H. and Caffarelli, L. and Nirenberg, L.},
	title = "{Monotonicity for elliptic equations in unbounded Lipschitz domains}",
	journal = {Comm. Pure Appl. Math.},
	volume = 50,
	pages = {1089–1111},
	year = {1997},
}

@article{BerestyckiHamelMonneau,
	author = {Berestycki, H. and Hamel, F. and Monneau, R.},
	title = "{One-dimensional symmetry of bounded entire solutions of some elliptic equations}",
	journal = {Duke Math. J.},
	volume = 103,
	pages = {375-396},
	year = {2000},
	doi = " http://dx.doi.org/10.1215/S0012-7094-00-10331-6",
	url = "https://projecteuclid.org/euclid.dmj/1092749482",
}

@article{BerestyckiHamelNadi,
	author = {Berestycki, H. and Hamel, F. and Nadirashvili, N.},
	title = "{The speed of propagation for KPP type problems II: General domains}",
	journal = {J. Amer. Math. Soc.},
	volume = 23,
	pages = {1-34},
	year = {2010},
	doi = " http://dx.doi.org/10.1090/S0894-0347-09-00633-X",
	url = " http://www.jstor.org/stable/40587266",
	issn = {0894-0347},
}

@article{BerestyckiNirembergVaradhan,
	author = {Berestycki, H. and Nirenberg, L. and Varadhan, S. R. S.},
	title = "{The principal eigenvalue and maximum principle for second-order elliptic operators in general domains}",
	journal = {Comm. Pure Appl. Math.},
	volume = {47},
	year = {1994},
	pages = {47--92},
	issn = {0010-3640},
	url = "{https://doi.org/10.1002/cpa.3160470105}",
}

@article{Birkner2005,
	author = {Birkner, M. and López-Mimbela, J.~A. and Wakolbinger, A.},
	title = "{Comparison results and steady states for the Fujita equation with fractional Laplacian}",
	journal = {Ann. Inst. H. Poincaré Anal. Non Linéaire},
	volume = {22},
	pages = {83-97},
	year = {2005}
}

@article{BrezisIFT,
	author = {Brezis, H.},
	title = "{Is there failure of the inverse function theorem? Morse theory, minimax theory and their applications to nonlinear differential equations}",
	journal = {New Stud. Adv. Math.},
	volume = {1},
	pages = {23–33},
	year = {2003}
}

@article{BrezisVazquez,
	author = {Brezis, H. and Vázquez, J.~L.},
	title = "{Blow-up solutions of some nonlinear elliptic problems}",
	journal = {Rev. Mat. Univ. Complut. Madrid},
	volume = {10},
	pages = {443-469},
	year = {1997},
}

@article{BombieriDeGiorgiGiusti,
	author = {Bombieri, E. and De Giorgi, E. and Giusti, E.},
	title = "{Minimal cones and the Bernstein problem}",
	journal = {Inv. Math.},
	volume = {7},
	pages = {243-268},
	year = {1969}
}

@article{BogdanEtAl,
	author = {Bogdan, K. and Grzywny, T. and Ryznar, M.},
	title = "{Heat kernel estimates for the fractional Laplacian with Dirichlet conditions}",
	journal = {Ann. Probab.},
	volume = {38},
	pages = {1901-1923},
	year = {2010}
}

@article{Bucur,
	archivePrefix = {arXiv},
	arxivId = {1708.04924},
	author = {Bucur, C.},
	eprint = {1708.04924},
	title = {{A symmetry result in $\mathbb{R}^2$ for global minimizers of a general type of nonlocal energy}},
	url = {http://arxiv.org/abs/1708.04924},
	year = {2017},
	journal = {preprint}
}

@book{BucurValdinoci,
	author={Bucur, C. and Valdinoci, E.},
	title="{Nonlocal Diffusion and Applications}",
	isbn={9783319287393},
	series={Lecture Notes of the Unione Matematica Italiana},
	year={2016},
	publisher={Springer International Publishing}
}


%%%C


@article {Cabre-ABP,
	author = {Cabré, X.},
	title = "{On the Alexandroff–Bakel’man–Pucci estimate and the reversed Hölder inequality for solutions of elliptic and parabolic equations.}",
	journal = {Comm. Pure Appl. Math.},
	volume = {48},
	pages = {539--570},
	year = {1995},
}

@article {Cabre-Topics,
	author = {Cabré, X.},
	title = "{Topics in regularity and qualitative properties of solutions of nonlinear elliptic equations}",
	journal = {Discrete Contin. Dyn. Syst.},
	volume = {8},
	pages = {331-359},
	year = {2002},
}

@article {Cabre-Dim4,
	author = {Cabré, X.},
	title = "{Regularity of minimizers of semilinear elliptic problems up to dimension 4}",
	journal = {Comm. Pure Appl. Math.},
	volume = {63},
	pages = {1362-1380},
	year = {2010},
}

@article {Cabre-Saddle,
	author = {Cabré, X.},
	title = "{Uniqueness and stability of saddle-shaped solutions to the Allen–Cahn equation}",
	journal = {J. Math. Pures Appl.},
	volume = {98},
	pages = {239-256},
	year = {2012},
}

@article{CabreCapella-Radial,
	author = {Cabré, X. and {Capella}, A.},
	title = "{Regularity of radial minimizers and extremal solutions of semilinear elliptic equations}",
	journal = {J. Funct. Anal.},
	volume = {238},
	pages = {709-733},
	year = {2006},
}

@article{CabreCapella-Minimizers,
	author = {{Cabré}, X. and {Capella}, A.},
	title = "{Regularity of minimizers for three elliptic problems: minimal cones, harmonic maps, and semilinear equations}",
	journal = {Pure Appl. Math. Q.},
	volume = {3},
	pages = {801-825},
	year = {2007},
}

@article{CabreCinti-EnergyHalfL,
	author = {Cabré, X. and Cinti, E.},
	title = "{Energy estimates and 1-D symmetry for nonlinear equations involving the half-Laplacian}",
	journal = {Discrete Contin. Dyn. Syst.},
	volume = {28},
	pages = {1179–1206},
	year = {2010},
}

@article{CabreCinti-SharpEnergy,
	author = {Cabré, X. and Cinti, E.},
	title = "{Sharp energy estimates for nonlinear fractional diffusion equations}",
	journal = {Calc. Var. Partial Differential Equations},
	volume = {49},
	pages = {233–269},
	year = {2014},
}

@article{CabreCintiSerra-Stable,
	author = {Cabré, X. and Cinti, E. and Serra, J.},
	title = "{Stable solutions to the fractional Allen-Cahn equation}",
	journal = {preprint},
	year = {2018},
}

@article{CabreCintiSerra-Cones,
	author = {Cabré, X. and Cinti, E. and Serra, J.},
	title = "{Stable $s$-minimal cones in $\mathbb{R}^3$ are flat for $s\sim1$}",
	journal = {preprint},
	year = {2017},
}

@article{CabreFallSolaMoralesWeth,
	author = {Cabré, X. and Fall, M. and Solà-Morales, J. and Weth, T.},
	title = "{Curves and surfaces with constant nonlocal mean curvature: meeting Alexandrov and Delaunay}",
	journal = {to appear in J. Reine Angew. Math.},
}

@article{CabreFallWeth-Delaunay,
	author = {Cabré, X. and Fall, M. and Weth, T.},
	title = "{Delaunay hypersurfaces with constant nonlocal mean curvature}",
	journal = {to appear in J. Math. Pures Appl.},
}

@article{CabreFallWeth-lattices,
	author = {Cabré, X. and Fall, M. and Weth, T.},
	title = "{Near-sphere lattices with constant nonlocal mean curvature}",
	journal = {Math. Ann.},
	volume = {370},
	year = {2018},
	pages = {1513--1569},
}

@article{CabreFelipe,
	author = {Cabré, X. and Felipe-Navarro, J.C.},
	title = "{Liouville type results for fractional Schr\"odinger operators in 1D}",
	journal = {in preparation}
}

@article{CabreMasSolaMorales,
	author = {Cabré, X. and Mas, A. and Solà-Morales, J.},
	title = "{Stationary periodic solutions of Fractional and Dispersive equations: Variational approach and associated Hamiltonian}",
	journal = {in preparation}
}

@article{CabreRosOton-DoubleRev,
    AUTHOR = {Cabr\'e, X. and Ros-Oton, X.},
    TITLE = {Regularity of stable solutions up to dimension 7 in domains of double revolution},
    JOURNAL = {Comm. Partial Differential Equations},
    VOLUME = {38},
    YEAR = {2013},
    PAGES = {135--154},	
}

@article{CabreSireI,
	author = {{Cabré}, X. and {Sire}, Y.},
	title = "{Nonlinear equations for fractional Laplacians, I: Regularity, maximum principles, and Hamiltonian estimates}",
	journal = {Ann. Inst. H. Poincaré Anal. Non Linéaire},
	volume = {31},
	pages = {23-53},
	year = {2014},
}

@article{CabreSireII,
	author = {{Cabré}, X. and {Sire}, Y.},
	title = "{Nonlinear equations for fractional Laplacians II: Existence, uniqueness, and qualitative properties of solutions}",
	journal = {Trans. Amer. Math. Soc.},
	volume = {367},
	pages = {911–941},
	year = {2015},
}

@article {CabreSolaMorales,
	author = {Cabré, X. and Solà-Morales, J.},
	title = "{Layer solutions in a half-space for boundary reactions}",
	journal = {Comm. Pure Appl. Math.},
	volume = {58},
	pages = {1678-1732},
	year = {2005},
}

@article {CabreTerraI,
	author = {Cabré, X. and Terra, J.},
	title = "{Saddle-shaped solutions of bistable diffusion equations in all of $\mathbb{R}^{2m}$}",
	journal = {J. Eur. Math. Soc.},
	volume = {11},
	pages = {819-843},
	year = {2009},
}

@article {CabreTerraII,
	author = {Cabré, X. and Terra, J.},
	title = "{Qualitative properties of saddle-shaped solutions to bistable diffusion equations}",
	journal = {Comm. Partial Differential Equations},
	volume = {35},
	pages = {1923-1957},
	year = {2010},
}

@article{CaffarelliRoquejoffreSavin,
	author = {Caffarelli, L.  and   Roquejoffre, J.M. and Savin, O. },
	title = "{Nonlocal minimal surfaces}",
	journal = { Comm. Pure Appl. Math.},
	volume = {63},
	pages = {1111–1144},
	year = {2010},
}

@article{CaffarelliSilvestre,
	author = {Caffarelli, L.  and   Silvestre, L. },
	title = "{An extension problem related to the fractional Laplacian}",
	journal = {Comm. Partial Differential Equations},
	volume = {32},
	pages = {1245-1260},
	year = {2007},
}

@article{CaffarelliValdinoci,
	author = {Caffarelli, L.  and   Valdinoci, E. },
	title = "{Regularity properties of nonlocal minimal surfaces via limiting arguments}",
	journal = {Adv. Math.},
	volume = {248},
	pages = {843–871},
	year = {2013}
}

@article{CapellaEtAl,
	author = {Capella, A. and D{\'a}vila, J. and Dupaigne, L. and Sire, Y. },
	title = "{Regularity of radial extremal solutions for some non-local semilinear equations}",
	journal = {Comm. Partial Differential Equations},
	volume = {36},
	pages = {1353-1384},
	year = {2011},
}

@article{ChanLiuWei,
	author = {Chan, H. and Liu, Y. and Wei, J.},
	title = "{A gluing construction for fractional elliptic equations. Part I: a model problem on the catenoid}",
	journal = {preprint},
	year = {2017}
}

@article {ChenLiLi,
	AUTHOR = {Chen, W. and Li, C. and Li, Y.},
	TITLE = {A direct method of moving planes for the fractional {L}aplacian},
	JOURNAL = {Adv. Math.},
	FJOURNAL = {Advances in Mathematics},
	VOLUME = {308},
	YEAR = {2017},
	PAGES = {404--437},
}

@article{ChenLiZhang,
	author = {Chen, W. and Li, Y. and Zhang, R.},
	doi = {10.1016/J.JFA.2017.02.022},
	journal = {J. Funct. Anal.},
	pages = {4131--4157},
	title = {{A direct method of moving spheres on fractional order equations}},
	volume = {272},
	year = {2017}
}

@article{Cinti-Saddle,
	author = {Cinti, E.},
	title = "{Saddle-shaped solutions of bistable elliptic equations involving the half-Laplacian}",
	journal = {Ann. Sc. Norm. Super. Pisa Cl. Sci. (5)},
	volume = {12},
	pages = {623–664},
	year = {2013},
}

@article{Cinti-Saddle2,
	author = {Cinti, E.},
	title = "{Saddle-shaped solutions for the fractional Allen-Cahn equation}",
	journal = {Discrete Contin. Dyn. Syst. Ser. S},
	volume = {11},
	pages = {441–463},
	year = {2018},
}

@article{CintiSerraValdinoci,
	author = {Cinti, E. and Serra, J. and Valdinoci, E.},
	title = "{Quantitative flatness results and $BV$-estimates for stable nonlocal minimal surfaces}",
	journal = {preprint},
	year = {2016},
}

@article{CiraoloFigalliMaggiNovaga,
	author = {Ciraolo, G.  and Figalli, A. and Maggi, F. and Novaga, M.},
	title = "{Rigidity and sharp stability estimates for hypersurfaces with constant and almost-constant nonlocal mean curvature}",
	journal = {to appear in J. Reine Angew. Math.},
}

@article{CrandallRabinowitz,
	author = {Crandall, M.~G.  and Rabinowitz, P.~H.},
	title="{Some continuation and variational methods for positive solutions of nonlinear elliptic eigenvalue problems}",
	journal= {Arch. Rational Mech. Anal.},
	volume={58},
	pages={207-218},
	year={1975},
}

@article{Cozzi-DeGiorgiClassesLong,
	author = {Cozzi, M.},
	journal = {J. Funct. Anal.},
	number = {11},
	pages = {4762--4837},
	title = {{Regularity results and Harnack inequalities for minimizers and solutions of nonlocal problems: A unified approach via fractional De Giorgi classes}},
	year = {2017}
}

@article{Cozzi-DeGiorgiClassesShort,
	author = {Cozzi, M.},
	title = {{Fractional De Giorgi classes and applications to nonlocal regularity theory}},
	journal = {preprint},
	url = {http://arxiv.org/abs/1802.01560},
	year = {2018}
}

@article{CozziPassalacqua,
	author = {Cozzi, M. and Passalacqua, T.},
	title = "{One-dimensional solutions of non-local Allen–Cahn-type equations with rough kernels}",
	journal = {J. Differential Equations},
	volume = {260},
	pages = {6638-6696},
	year = {2016},
}


%%%D


@article{DangFifePeletier,
	author = {Dang, H. and Fife, P.C. and Peletier, L.A.},
	title = "{Saddle solutions of the bistable diffusion equation}",
	journal = {Z. Angew. Math. Phys. },
	volume = {43},
	pages = {984-998},
	year = {1992},
}

@article{DaviladelPinoWei,
	author = {D{\'a}vila, J. and del Pino, M. and Wei, J.},
	title = "{Nonlocal $s$-minimal surfaces and Lawson cones}",
	journal = {to appear in J. Differential Geom.},
}

@article{delPinoKowalczykWei,
	author = {del Pino, M. and Kowalczyk, M. and Wei, J.},
	title = "{On De Giorgi's conjecture in dimension $N\geq9$}",
	journal = {Ann. of Math.},
	volume = {174},
	pages = {1485–1569},
	year = {2011},
}

@article{DiCastoKuusiPalatucci,
	author = {Di Castro, A. and Kuusi, T. and Palatucci, G.},
	title="{Nonlocal Harnack inequalities}",
	journal= {J. Funct. Anal.},
	year={2014},
	volume={267},
	pages={1807-1836},
	doi={https://doi.org/10.1016/j.jfa.2014.05.023},
	url={http://www.sciencedirect.com/science/article/pii/S0022123614002407?via%3Dihub}
}

@article{HitchhikerGuide,
	author = {Di Nezza, E. and Palatucci, G. and Valdinoci, E.},
	title = "{Hitchhiker's guide to the fractional Sobolev spaces}",
	journal = {Bull. Sci. Math.},
	volume = {136},
	pages = {521-573},
	year = {2012},
}

@article{DipierroFarinaValdinoci,
	author = {Dipierro, S. and Farina, A. and Valdinoci, E.},
	TITLE = {A three-dimensional symmetry result for a phase transition
	equation in the genuinely nonlocal regime},
	JOURNAL = {Calc. Var. Partial Differential Equations},
	VOLUME = {57},
	YEAR = {2018},
}

@article{DipierroSerraValdinoci,
	author = {Dipierro, S. and Serra, J. and Valdinoci, E.},
	title = "{Improvement of flatness for nonlocal phase transitions}",
	journal = {preprint},
	year = {2017},
}

@book{Dupaigne,
	author    = {Dupaigne, L.},
	title     = "{Stable solutions of elliptic partial differential equations}",
	year      = {2011},
	publisher = "Chapman and Hall/CRC",	
}


%%%E


@book {Evans,
	title =     "{Partial Differential Equations: Second Edition}",
	author =    {Evans, L.~C.},
	publisher = {AMS},
	isbn =      {9780821849743,0821849743},
	year =      {2010},
	series =    {Graduate Studies in Mathematics},
	edition =   {2nd},
	volume =    {},
	url =     {http://gen.lib.rus.ec/book/index.php?md5=96727826294444C8132E5CA6D90BC36E}
}


%%%F


@article{FabesKenigSerapioni,
	author = {Fabes, E.~B. and Kenig, C.~E. and Serapioni, R.~P. },
	title = "{The local regularity of solutions of degenerate elliptic equations}",
	journal = { Comm. Partial Differential Equations},
	volume = {7},
	pages = {77-116},
	year = {1982},
}

@article {FallWethMonotonicity,
	AUTHOR = {Fall, M. and Weth, T.},
	TITLE = {Monotonicity and nonexistence results for some fractional
	elliptic problems in the half-space},
	JOURNAL = {Commun. Contemp. Math.},
	VOLUME = {18},
	YEAR = {2016},
	PAGES = {1550012, 25},
	DOI = {10.1142/S0219199715500121},
	URL = {https://doi.org/10.1142/S0219199715500121},
}

@incollection{FarinaValdinoci-DeGiorgi,
	AUTHOR = {Farina, A. and Valdinoci, E.},
	TITLE = {The state of the art for a conjecture of De Giorgi and related problems},
	BOOKTITLE = {Recent progress on reaction-diffusion systems and viscosity solutions},
	PAGES = {74--96},
	PUBLISHER = {World Sci. Publ., Hackensack, NJ},
	YEAR = {2009},
	DOI = {10.1142/9789812834744_0004},
	URL = {https://doi.org/10.1142/9789812834744_0004},
}

@article{FazlySire,
	archivePrefix = {arXiv},
	arxivId = {1807.06189},
	author = {Fazly, M. and Sire, Y.},
	eprint = {1807.06189},
	title = {{Symmetry properties for solutions of nonlocal equations involving nonlinear operators}},
	url = {http://arxiv.org/abs/1807.06189},
	year = {2018},
	journal = {preprint}
}

@article{Felipe-Sanz-Perela:SaddleFractional,
	author = {Felipe-Navarro, J.C. and Sanz-Perela, T.},
	title = "{Uniqueness and stability of the saddle-shaped solution to the fractional Allen-Cahn equation}",
	journal = {preprint},
	year = {2018}
}

@article{FelipeSanz-Perela:IntegroDifferentialI,
	author = {Felipe-Navarro, J.C. and Sanz-Perela, T.},
	title = "{Semilinear integro-differential equations I: odd solutions with respect to cones}",
	journal = {preprint},
	year = {2018}
}

@article{FelipeSanz-Perela:IntegroDifferentialII,
	author = {Felipe-Navarro, J.C. and Sanz-Perela, T.},
	title = "{Semilinear integro-differential equations II: one-dimensional and saddle-shaped solutions to the Allen-Cahn equation}",
	journal = {preprint},
	year = {2018}
}

@article{FelsingerKassmannVoigt,
	author = {Felsinger, M. and Kassmann, M.  and Voig , P.},
	title = "{The Dirichlet problem for nonlocal operators}",
	journal = {Math. Z.},
	volume = {279},
	pages = {779-809},
	year = {2015},
}

@article{FigalliSerra,
	author = {Figalli, A. and Serra, J.},
	title = "{On stable solutions for boundary reactions: a De Giorgi-type result in dimension 4+1}",
	journal = {preprint},
	year = {2017}
}

@article{FigalliValdinoci,
	author = {Figalli, A. and Valdinoci, E.},
	title = "{Regularity and Bernstein-type results for nonlocal minimal surfaces}",
	journal = {J. Reine Angew. Math.},
	volume = {},
	pages = {},
	year = {2015},
}

@article{Frank2013,
	author= {Frank, R.~L. and Lenzmann, E.},
	title="{Uniqueness of non-linear ground states for fractional Laplacians in $\mathbb{R}$}",
	journal= {Acta Math.},
	volume={210},
	pages={261-318},
	year={2013},
}


%%%G


@article{GhoussoubGui,
	author = {Ghoussoub, N. and Gui, C.},
	title="{On a conjecture of De Giorgi and some related problems}",
	journal= {Math. Ann.},
	volume = {311},
	pages = {481–491},
	year = {1998},
}

@book {GilbargTrudinger,
	author = {Gilbarg, D. and Trudinger, N.~S.},
	title = "{Elliptic partial differential equations of second order}",
	edition = {2nd},
	publisher = {Springer Berlin, New York },
	year = {2001},
}

@article{GiovanniBouchitteSeppecher,
	author = {Alberti, G. and Bouchitt\'e, G. and Seppecher, P.},
	title = "{Phase transition with the line-tension effect}",
	journal = {Arch. Rational Mech. Anal.},
	volume = {144},
	pages = {1--46},
	year = {1998}
}

@book{Giusti,
	author = {Giusti, E.},
	title = "{Minimal surfaces and functions of bounded variation}",
	series = {Monographs in Mathematics},
	volume = 80,
	publisher = {Birkhauser Verlag},
	adress = {Basel},
	year = {1984},
}

@article {Gonzalez,
	author = {Gonz\'alez, M.d.M},
	title = "{Gamma convergence of an energy functional related to the
	fractional {L}aplacian}",
	journal = {Calc. Var. Partial Differential Equations},
	volume = {36},
	year = {2009},
	pages = {173--210}
}

@article{GrecoServadei,
	author = {Greco, A. and Servadei, R.},
	title="{Hopf's lemma and constrained radial symmetry for the fractional Laplacian}",
	journal= {Math. Res. Lett.},
	volume = {23},
	pages = {863–885},
	year = {2016},
}


%%%H


@article{HamelRosOtonSireValdinoci,
	author = {Hamel, F. and Ros-Oton, X. and Sire, Y. and Valdinoci, E.},
	title = "{A one-dimensional symmetry result for a class of nonlocal semilinear equations in the plane}",
	journal = {Ann. Institut H. Poincaré},
	volume = {34},
	pages = {469-482},
	year = {2017},
	
}


%%%I


%%%J


@article{JerisonMonneau,
	author = {Jerison, D. and Monneau, R.},
	title="{Towards a counter-example to a conjecture of De Giorgi in high dimensions}",
	journal= {Ann. Mat. Pura Appl. (4)},
	volume = "183",
	pages = "439–467",
	year = "2004",
}

@article {JarohsWeth,
	AUTHOR = {Jarohs, S. and Weth, T.},
	TITLE = {Symmetry via antisymmetric maximum principles in nonlocal
	problems of variable order},
	JOURNAL = {Ann. Mat. Pura Appl. (4)},
	FJOURNAL = {Annali di Matematica Pura ed Applicata. Series IV},
	VOLUME = {195},
	YEAR = {2016},
	PAGES = {273--291},
}

@Article{JosephLundgren,
	author= {Joseph, D. D. and Lundgren, T. S.},
	title="{Quasilinear Dirichlet problems driven by positive sources}",
	journal= {Arch. Rational Mech. Anal.},
	year="1973",
	volume="49",
	pages="241-269",
	issn="1432-0673",
	doi="10.1007/BF00250508",
	url="http://dx.doi.org/10.1007/BF00250508"
}


%%%K


%%%L


@article{LiZhang,
	title = "{Liouville-type theorems and harnack-type inequalities for semilinear elliptic equations}",
	journal = {J. Anal. Math.},
	volume = "90",
	pages = "27–87",
	year = "2003",
	author = {Li, Y. and Zhang, L.}
}


%%%M


@inproceedings {Modica,
	author = {Modica, L.},
	title = "{{$\Gamma $}-convergence to minimal surfaces problem and global solutions of {$\Delta u=2(u^{3}-u)$}}",
	booktitle = {Proceedings of the {I}nternational {M}eeting on {R}ecent {M}ethods in {N}onlinear {A}nalysis ({R}ome, 1978)},
	pages = {223--244},
	publisher = {Pitagora, Bologna},
	year = {1979}
}

@article {ModicaMortola,
	AUTHOR = {Modica, L. and Mortola, S.},
	TITLE = {Un esempio di {$\Gamma ^{-}$}-convergenza},
	JOURNAL = {Boll. Un. Mat. Ital. B (5)},
	VOLUME = {14},
	YEAR = {1977},
	PAGES = {285--299}
}


%%%N


@book{Nachbin,
	title = "{The Haar integral}",
	author = {Nachbin, L.},
	publisher = {D. Van Nostrand Co., Inc.},
	adress = {Princeton, N.J.-Toronto-London},
	year = {1965}
}

@article{Nedev,
	title = "{Regularity of the extremal solution of semilinear elliptic equations}",
	journal = {C. R. Acad. Sci. Paris Sér. I Math.},
	volume = "330",
	pages = "997-1002",
	year = "2000",
	note = "",
	issn = "0764-4442",
	doi = "http://dx.doi.org/10.1016/S0764-4442(00)00289-5",
	url = "http://www.sciencedirect.com/science/article/pii/S0764444200002895",
	author = {Nedev, G}
}

@article{Nedev2,
	title = "{Extremal solutions of semilinear elliptic equations}",
	year = "2001",
	note = "Unpublished preprint",
	author = "{Nedev}, G."
}

@book{Niculescu,
	title= "{Convex Functions and their Applications: A Contemporary Approach}",
	author={Niculescu, C. and Persson, L.E.}, 
	isbn={9780387243009},  
	series={CMS Books in Mathematics},  
	url={https://books.google.es/books?id=xpT\_Kl9OS24C}, 
	year={2005}, 
	publisher={Springer New York}
}


%%%O


%%%P


%%%Q


@article {QuaasXia,
	author = {Quaas, A. and Xia, A.},
	title = {Liouville type theorems for nonlinear elliptic equations and systems involving fractional {L}aplacian in the half space},
	journal = {Calc. Var. Partial Differential Equations},
	volume = {52},
	year = {2015},
	pages = {641--659}
}


%%%R


@book{Rockafellar1970,
	address = {Princeton},
	author = {Rockafellar, R.~T.},
	doi = {10.1515/9781400873173},
	isbn = {9781400873173},
	month = {jan},
	publisher = {Princeton University Press},
	title = {{Convex Analysis}},
	url = {https://www.degruyter.com/view/books/9781400873173/9781400873173/9781400873173.xml},
	year = {1970}
}

@article{RosOton-Survey,
	author = {Ros-Oton, X.},
	title="Nonlocal elliptic equations in bounded domains: a survey",
	journal={Publ. Mat.},
	year="2016",
	volume="60",
	pages="3-26",
}

@article{RosOton-Gelfand,
	author = {{Ros-Oton}, X.},
	title="{Regularity for the fractional Gelfand problem up to dimension 7}",
	journal= {J. Math. Anal. Appl.},
	year="2014",
	volume="419",
	pages="10-19",
}

@article{RosOtonSerra-Extremal,
	author = {{Ros-Oton}, X. and {Serra}, J.},
	title="{The extremal solution for the fractional Laplacian}",
	journal= {Calc. Var. Partial Differential Equations},
	year = 2014,
	volume="50",
	pages="723-750",
	issn="1432-0835",
	doi="10.1007/s00526-013-0653-1",
	url="http://dx.doi.org/10.1007/s00526-013-0653-1"
}

@article{RosOtonSerra-Regularity,
	author = {Ros-Oton, X. and Serra, J.},
	title = "{The Dirichlet problem for the fractional Laplacian: regularity up to the boundary}",
	journal = {J. Math. Pures Appl.},
	volume = "101",
	pages = "275-302",
	year = "2014",
	note = "",
	issn = "0021-7824",
	doi = "http://dx.doi.org/10.1016/j.matpur.2013.06.003",
	url = "http://www.sciencedirect.com/science/article/pii/S0021782413000895",
}

@article {RosOtonSerra-Stable,
	AUTHOR = {Ros-Oton, X. and Serra, J.},
	TITLE = {Regularity theory for general stable operators},
	JOURNAL = {J. Differential Equations},
	VOLUME = {260},
	YEAR = {2016},
	PAGES = {8675--8715}
}


%%%S


@article{Sanchon,
	author = {Sanchón, M.},
	title = "{Boundedness of the extremal solution of some $p$-Laplacian problems}",
	journal = {Nonlinear Anal.},
	volume = "67",
	pages = "281-294",
	year = "2007",
	note = "",
	issn = "0362-546X",
	doi = "http://dx.doi.org/10.1016/j.na.2006.05.010",
	url = "http://www.sciencedirect.com/science/article/pii/S0362546X06003166",
	
}

@article{SanzPerela-Radial,
	author = {Sanz-Perela, T.},
	title = "{Regularity of radial stable solutions to semilinear elliptic equations for the fractional Laplacian}",
	journal = {Commun. Pure Appl. Anal.},
	pages = {2547--2575},
	volume = {17},
	year = {2018}
}

@article{Savin-DeGiorgi,
	author = {Savin, O.},
	title = "{Regularity of flat level sets in phase transitions}",
	journal = {Ann. of Math.},
	volume = 169,
	pages = {41-78},
	year = {2009},
}

@article{Savin-Fractional,
	author = {Savin, O.},
	title = "{Rigidity of minimizers in nonlocal phase transitions}",
	journal = {Anal. PDE},
	volume = {11},
	year = {2018},
	pages = {1881--1900},
}

@article{Savin-Fractional2,
	author = {Savin, O.},
	title = "{Rigidity of minimizers in nonlocal phase transitions II}",
	journal = {preprint},
	year = {2018}
}

@article{SavinValdinoci-Cones,
	author = {Savin, O. and Valdinoci, E.},
	title = "{Regularity of nonlocal minimal cones in dimension 2}",
	journal = {Calc. Var. Partial Differential Equations},
	volume = 48,
	pages = {33-39},
	year = {2013}
}

@article{SavinValdinoci-EnergyEstimate,
	author = {Savin, O. and Valdinoci, E.},
	title = "{Density estimates for a variational model driven by the Gagliardo norm}",
	journal = {J. Math. Pures Appl.},
	volume = 101,
	pages = {1-26},
	year = {2014}
}

@article {SavinValdinoci-GammaConvergence,
	author = {Savin, O. and Valdinoci, E.},
	title = {{$\Gamma$}-convergence for nonlocal phase transitions},
	journal = {Ann. Inst. H. Poincar\'e Anal. Non Lin\'eaire},
	volume = {29},
	year = {2012},
	pages = {479--500}
}

@article{Schatzman,
	author = {Schatzman, M.},
	title ="{On the stability of the saddle solution of Allen–Cahn's equation}",
	journal ={Proc. Roy. Soc. Edinburgh Sect. A},
	volume ="125",
	pages ="1241-1275",
	year ="1995",
}

@article{SerraC2s+alphaRegularity,
	author = {Serra, J.},
	title ="{$C^{\sigma + \alpha}$ regularity for concave nonlocal fully nonlinear elliptic equations with rough kernels}",
	journal ={Calc. Var. Partial Differential Equations},
	volume ="54",
	pages ="3571–3601",
	year ="2015",
}

@article{ServadeiValdinoci,
	author = {Servadei, R. and Valdinoci, E.},
	title ="{Variational methods  for non-local operators of elliptic type}",
	journal ={Discrete Contin. Dyn. Syst.},
	volume ="33",
	pages ="2105-2137",
	year ="2013",
	note ="",
	issn ="1078-0947",
	doi ="10.3934/dcds.2013.33.2105",
	url ="http://aimsciences.org/journals/displayArticlesnew.jsp?paperID=8026",
	
}

@article{ServadeiValdinoci-Spectral,
	author = {Servadei, R. and Valdinoci, E.},
	title = "{On the spectrum of two different fractional operators}",
	journal = {Proc. Roy. Soc. Edinburgh Sect. A},
	volume = {144},
	month = {8},
	year = {2014},
	issn = {1473-7124},
	pages = {831-855},
	numpages = {25},
	doi = {10.1017/S0308210512001783},
	URL = {http://journals.cambridge.org/article_S0308210512001783},
}

@article{SireValdinoci,
	author = {Sire, Y. and Valdinoci, E.},
	title = "{Fractional Laplacian phase transitions and boundary reactions: a geometric inequality and a symmetry result}",
	journal = {J. Funct. Anal.},
	volume = "256",
	pages = "{1842–1864}",
	year = "2009",
}

@article{StingaTorrea,
	author = { Stinga, P.~R. and Torrea, J.~L. },
	title = "{Extension problem and Harnack's inequality for some fractional operators}",
	journal = {Comm. Partial Differential Equations},
	volume = {35},
	pages = {2092-2122},
	year = {2010},
	doi = {10.1080/03605301003735680},
	URL = {http://dx.doi.org/10.1080/03605301003735680},
	eprint = {http://dx.doi.org/10.1080/03605301003735680}
}


%%%T


@article{Tan,
	title = "{Positive solutions for non local elliptic problems}",
	journal = {Discrete Contin. Dyn. Syst.},
	volume = {33},
	pages = {837–859},
	year = {2013},
	author = {Tan, J.},
}

@article{TanXiong,
	title = "{A Harnack inequality for fractional Laplace equations with lower order terms}",
	journal = {Discrete Contin. Dyn. Syst.},
	volume = {31},
	pages = {975-983},
	year = {2011},
	doi = {10.3934/dcds.2011.31.975},
	url = {http://aimsciences.org//article/id/ce2bc323-fae5-44dc-90e4-4577e710d842},
	author = {Tan, J. and Xiong, J.},
}


%%%U


%%%V


@article{Valdinoci,
	title = "{From the long jump random walk to the fractional Laplacian }",
	journal = {Bol. Soc. Esp. Mat. Apl. SeMA},
	volume = "49",
	pages = "33-44",
	year = "2009",
	author = "Valdinoci, E.",
}


@article{Villegas,
	author = {Villegas, S.},
	title = "{Boundedness of extremal solutions in dimension 4}",
	journal = {Adv. Math.},
	volume = "235",
	pages = "126-133",
	year = "2013",
	note = "",
	issn = "0001-8708",
	doi = "http://dx.doi.org/10.1016/j.aim.2012.11.015",
	url = "http://www.sciencedirect.com/science/article/pii/S0001870812004355",
	
}


%%%W


%%%X


%%%Y


%%%Z
