%%%A

@book {Adams,
	AUTHOR = {Adams, R.A.},
	TITLE = {Sobolev spaces},
	NOTE = {Pure and Applied Mathematics, Vol. 65},
	PUBLISHER = {Academic Press, New York-London},
	YEAR = {1975},
	PAGES = {xviii+268},
}


@article{AlbertiBouchitteSeppecher,
	author = {Alberti, G. and Bouchitt\'e, G. and Seppecher, P.},
	title = "{Phase transition with the line-tension effect}",
	journal = {Arch. Rational Mech. Anal.},
	volume = {144},
	pages = {1--46},
	year = {1998}
}

@article{AllenCahn1979,
	title = "A microscopic theory for antiphase boundary motion and its application to antiphase domain coarsening",
	journal = "Acta Metallurgica",
	volume = "27",
	pages = "1085--1095",
	year = "1979",
	issn = "0001-6160",
	doi = "https://doi.org/10.1016/0001-6160(79)90196-2",
	url = "http://www.sciencedirect.com/science/article/pii/0001616079901962",
	author = "Allen, S.~M. and Cahn, J.~W.",
}

@article{AllenCahn1977,
	title = "A Microscopic Theory of Domain Wall Motion and Its Experimental Verification in FeAl Alloy Domain Growth Kinetics",
	journal = "J. de Physique",
	volume = "38",
	pages = "C7--51",
	year = "1977",
	author = "Allen, S.~M. and Cahn, J.~W.",
}

@article{AmbrosioCabre,
	author = {Ambrosio, L. and Cabr\'e, X.},
	title = "{Entire solutions of semilinear elliptic equations in $\mathbb{R}^3$ and a conjecture of De Giorgi}",
	journal = {J. Amer. Math. Soc.},
	volume = {13},
	pages = {725--739},
	year = {2000}
}

@article{AmickToland,
	author = {Amick, C.~J. and Toland, J.~F.},
	title = "{Uniqueness and related analytic properties for the Benjamin-Ono equation - a nonlinear Neumann problem in the plane}",
	journal = {Acta Math.},
	volume = {167},
	pages = {107--126},
	year = {1991}
}

@article{Appell, 
	author = {Appell, P.}, 
	title = "{Sur les fonctions hyperg\'eom\'etriques de plusieurs variables}", 
	journal = {M\'emoir. Sci. Math.}, 
	volume = {3}, 
	pages = {1--75}, 
	year = {1925} 
} 


%%%B


@article {BarriosEtAl-Monotonicity,
	AUTHOR = {Barrios, B. and Del Pezzo, L. and Garc\'ia-Meli\'an, J. and Quaas, A.},
	TITLE = "{Monotonicity of solutions for some nonlocal elliptic problems in half-spaces}",
	JOURNAL = {Calc. Var. Partial Differential Equations},
	VOLUME = {56},
	YEAR = {2017},
	PAGES = {Art. 39, 16},
}

@article {BarriosEtAl-Symmetry,
	AUTHOR = {Barrios, B. and Del Pezzo, L. and Garc\'ia-Meli\'an, J. and Quaas, A.},
	TITLE = "{Symmetry results in the half space for a semi-linear fractional Laplace equation through a one-dimensional analysis}",
	JOURNAL = {preprint},
	YEAR = {2017},
}

@article {BarriosEtAl-Liouville,
	AUTHOR = {Barrios, B. and Del Pezzo, L. and Garc\'ia-Meli\'an, J. and Quaas, A.},
	TITLE = "{A {L}iouville theorem for indefinite fractional diffusion equations and its application to existence of solutions}",
	JOURNAL = {Discrete Contin. Dyn. Syst.},
	VOLUME = {37},
	YEAR = {2017},
	PAGES = {5731--5746},
	ISSN = {1078-0947},
	DOI = {10.3934/dcds.2017248},
	URL = {https://doi.org/10.3934/dcds.2017248}
}

@article{BarriosFigalliValdinoci,
	author = {Barrios, B. and Figalli, A. and Valdinoci, E.},
	title = "{Bootstrap regularity for integro-differential operators and its application to nonlocal minimal surfaces}",
	journal = {Ann. Sc. Norm. Super. Pisa Cl. Sci. (5)},
	volume = {13},
	pages = {609--639},
	year = {2014}
}

@article{Benjamin1967, 
	title={Internal waves of permanent form in fluids of great depth}, volume={29}, 
	DOI={10.1017/S002211206700103X}, 
	number={3}, 
	journal={J. Fluid Mech.}, 
	publisher={Cambridge University Press}, 
	author={Benjamin, T.~B.}, 
	year={1967}, 
	pages={559--592}
}

@article {BarriosPeralSoriaValdinoci,
	AUTHOR = {Barrios, B. and Peral, I. and Soria, F. and
	Valdinoci, E.},
	TITLE = "{A {W}idder's type theorem for the heat equation with nonlocal
	diffusion}",
	JOURNAL = {Arch. Ration. Mech. Anal.},
	VOLUME = {213},
	YEAR = {2014},
	PAGES = {629--650},
	DOI = {10.1007/s00205-014-0733-1},
	URL = {https://doi.org/10.1007/s00205-014-0733-1}
}

@article{BerestyckiCaffarelliNiremberg-Monotonicity,
	author = {Berestycki, H. and Caffarelli, L. and Nirenberg, L.},
	title = "{Monotonicity for elliptic equations in unbounded Lipschitz domains}",
	journal = {Comm. Pure Appl. Math.},
	volume = 50,
	pages = {1089--1111},
	year = {1997},
}

@article {BerestyckiCaffarelliNiremberg-Qualitative,
	AUTHOR = {Berestycki, H. and Caffarelli, L. and Nirenberg, L.},
	TITLE = {Further qualitative properties for elliptic equations inunbounded domains},
	NOTE = {Dedicated to Ennio De Giorgi},
	JOURNAL = {Ann. Scuola Norm. Sup. Pisa Cl. Sci. (4)},
	FJOURNAL = {Annali della Scuola Normale Superiore di Pisa. Classe di
	Scienze. Serie IV},
	VOLUME = {25},
	YEAR = {1997},
	PAGES = {69--94},
	ISSN = {0391-173X},
	MRCLASS = {35J65 (35B05)},
	URL = {http://www.numdam.org/item?id=ASNSP_1997_4_25_1-2_69_0},
}

@article{BerestyckiHamelMonneau,
	author = {Berestycki, H. and Hamel, F. and Monneau, R.},
	title = "{One-dimensional symmetry of bounded entire solutions of some elliptic equations}",
	journal = {Duke Math. J.},
	volume = 103,
	pages = {375--396},
	year = {2000},
	doi = " http://dx.doi.org/10.1215/S0012-7094-00-10331-6",
	url = "https://projecteuclid.org/euclid.dmj/1092749482",
}

@article{BerestyckiHamelNadi,
	author = {Berestycki, H. and Hamel, F. and Nadirashvili, N.},
	title = "{The speed of propagation for KPP type problems II: General domains}",
	journal = {J. Amer. Math. Soc.},
	volume = 23,
	pages = {1--34},
	year = {2010},
	doi = " http://dx.doi.org/10.1090/S0894-0347-09-00633-X",
	url = " http://www.jstor.org/stable/40587266",
	issn = {0894-0347},
}

@article{BerestyckiNirembergVaradhan,
	author = {Berestycki, H. and Nirenberg, L. and Varadhan, S.~R.~S.},
	title = "{The principal eigenvalue and maximum principle for second-order elliptic operators in general domains}",
	journal = {Comm. Pure Appl. Math.},
	volume = {47},
	year = {1994},
	pages = {47--92},
	issn = {0010-3640},
	url = "{https://doi.org/10.1002/cpa.3160470105}",
}

@article {BerestyckiRoquejoffreRossi-First,
	AUTHOR = {Berestycki, H. and Roquejoffre, J.~M. and Rossi,	L.},
	TITLE = {The influence of a line with fast diffusion on {F}isher-{KPP}
	propagation},
	JOURNAL = {J. Math. Biol.},
	FJOURNAL = {Journal of Mathematical Biology},
	VOLUME = {66},
	YEAR = {2013},
	NUMBER = {4-5},
	PAGES = {743--766},
	ISSN = {0303-6812},
	MRCLASS = {35Q92 (35B40 35K57 35M31 92D30)},
	DOI = {10.1007/s00285-012-0604-z},
	URL = {https://doi.org/10.1007/s00285-012-0604-z},
}

@article {BerestyckiCoulonRoquejoffreRossi,
	AUTHOR = {Berestycki, H. and Coulon, A.~C. and Roquejoffre,
	J.~M. and Rossi, L.},
	TITLE = {The effect of a line with nonlocal diffusion on {F}isher-{KPP}
	propagation},
	JOURNAL = {Math. Models Methods Appl. Sci.},
	FJOURNAL = {Mathematical Models and Methods in Applied Sciences},
	VOLUME = {25},
	YEAR = {2015},
	NUMBER = {13},
	PAGES = {2519--2562},
	ISSN = {0218-2025},
	MRCLASS = {92C42 (35B40 35K57)},
	DOI = {10.1142/S0218202515400175},
	URL = {https://doi.org/10.1142/S0218202515400175},
}

@article {BerestyckiRoquejoffreRossi,
	AUTHOR = {Berestycki, H. and Roquejoffre, J.~M. and Rossi,	L.},
	TITLE = {The shape of expansion induced by a line with fast diffusion
	in {F}isher-{KPP} equations},
	JOURNAL = {Comm. Math. Phys.},
	FJOURNAL = {Communications in Mathematical Physics},
	VOLUME = {343},
	YEAR = {2016},
	NUMBER = {1},
	PAGES = {207--232},
	ISSN = {0010-3616},
	MRCLASS = {35K51 (35K57 35K58)},
	DOI = {10.1007/s00220-015-2517-3},
	URL = {https://doi.org/10.1007/s00220-015-2517-3},
}

@article{Birkner2005,
	author = {Birkner, M. and López-Mimbela, J.~A. and Wakolbinger, A.},
	title = "{Comparison results and steady states for the Fujita equation with fractional Laplacian}",
	journal = {Ann. Inst. H. Poincar\'e Anal. Non Lin\'eaire},
	volume = {22},
	pages = {83--97},
	year = {2005}
}

@article{BrezisIFT,
	author = {Brezis, H.},
	title = "{Is there failure of the inverse function theorem? Morse theory, minimax theory and their applications to nonlinear differential equations}",
	journal = {New Stud. Adv. Math.},
	volume = {1},
	pages = {23--33},
	year = {2003}
}

@article {BrezisCazenaveMartelRamiandrisoa,
	AUTHOR = {Brezis, H. and Cazenave, T. and Martel, Y. and
	Ramiandrisoa, A.},
	TITLE = {Blow up for {$u_t-\Delta u=g(u)$} revisited},
	JOURNAL = {Adv. Differential Equations},
	FJOURNAL = {Advances in Differential Equations},
	VOLUME = {1},
	YEAR = {1996},
	NUMBER = {1},
	PAGES = {73--90},
	ISSN = {1079-9389},
	MRCLASS = {35K60 (35J65)},
}

@article{BrezisVazquez,
	author = {Brezis, H. and Vázquez, J.~L.},
	title = "{Blow-up solutions of some nonlinear elliptic problems}",
	journal = {Rev. Mat. Univ. Complut. Madrid},
	volume = {10},
	pages = {443--469},
	year = {1997},
}

@article{BogdanEtAl,
	author = {Bogdan, K. and Grzywny, T. and Ryznar, M.},
	title = "{Heat kernel estimates for the fractional Laplacian with Dirichlet conditions}",
	journal = {Ann. Probab.},
	volume = {38},
	pages = {1901--1923},
	year = {2010}
}

@article {BonaLannesSaut,
	AUTHOR = {Bona, J.~L. and Lannes, D. and Saut, J.~C.},
	TITLE = {Asymptotic models for internal waves},
	JOURNAL = {J. Math. Pures Appl. (9)},
	FJOURNAL = {Journal de Math\'{e}matiques Pures et Appliqu\'{e}es. Neuvi\`eme S\'{e}rie},
	VOLUME = {89},
	YEAR = {2008},
	NUMBER = {6},
	PAGES = {538--566},
	ISSN = {0021-7824},
	MRCLASS = {76B55 (35Q35 76B03)},
	DOI = {10.1016/j.matpur.2008.02.003},
	URL = {https://doi.org/10.1016/j.matpur.2008.02.003},
}

@article{BombieriDeGiorgiGiusti,
	author = {Bombieri, E. and De Giorgi, E. and Giusti, E.},
	title = "{Minimal cones and the Bernstein problem}",
	journal = {Inv. Math.},
	volume = {7},
	pages = {243--268},
	year = {1969}
}

@inproceedings{BuadesCollMorelProceedings,
	title={A non-local algorithm for image denoising},
	author={Buades, A. and Coll, B. and Morel, J.~M.},
	booktitle={2005 IEEE Computer Society Conference on Computer Vision and Pattern Recognition (CVPR'05)},
	volume={2},
	pages={60--65},
	year={2005},
	organization={IEEE}
}

@article{BuadesCollMorelProceedingsReview,
	title={A review of image denoising algorithms, with a new one},
	author={Buades, A. and Coll, B. and Morel, J.~M.},
	journal={Multiscale Modeling \& Simulation},
	volume={4},
	number={2},
	pages={490--530},
	year={2005},
	publisher={SIAM}
}

@article{BuadesCollMorelNewNonlocal,
	author = {Buades, A. and Coll, B.  and Morel, J.~M.},
	year = {2010},
	month = {03},
	pages = {113--147},
	title = {Image Denoising Methods. A New Nonlocal Principle},
	volume = {52},
	journal = {SIAM Review},
	doi = {10.1137/090773908}
}

@article{Bucur,
	archivePrefix = {arXiv},
	arxivId = {1708.04924},
	author = {Bucur, C.},
	eprint = {1708.04924},
	title = "{A symmetry result in $\mathbb{R}^2$ for global minimizers of a general type of nonlocal energy}",
	url = {http://arxiv.org/abs/1708.04924},
	year = {2017},
	journal = {preprint}
}

@book{BucurValdinoci,
	author={Bucur, C. and Valdinoci, E.},
	title="{Nonlocal Diffusion and Applications}",
	isbn={9783319287393},
	series={Lecture Notes of the Unione Matematica Italiana},
	year={2016},
	publisher={Springer International Publishing}
}


%%%C


@article {Cabre-ABP,
	author = {Cabr\'e, X.},
	title = "{On the Alexandroff-Bakel’man-Pucci estimate and the reversed Hölder inequality for solutions of elliptic and parabolic equations.}",
	journal = {Comm. Pure Appl. Math.},
	volume = {48},
	pages = {539--570},
	year = {1995},
}

@incollection {CabrePoggesi,
	AUTHOR = {Cabr\'{e}, X. and Poggesi, G.},
	TITLE = {Stable solutions to some elliptic problems: minimal cones, the
	{A}llen-{C}ahn equation, and blow-up solutions},
	BOOKTITLE = {Geometry of {PDE}s and related problems},
	SERIES = {Lecture Notes in Math.},
	VOLUME = {2220},
	PAGES = {1--45},
	PUBLISHER = {Springer, Cham},
	YEAR = {2018},
	MRCLASS = {35J60 (35B44 49Q20)},
}

@article{Cabre-StableHardy,
	author = {Cabr\'e, X.},
	title = "{A new proof of the boundedness results for stable solutions to semilinear elliptic equations}",
	journal = {preprint},
	YEAR = {2019},
}

@article {Cabre-Topics,
	author = {Cabr\'e, X.},
	title = "{Topics in regularity and qualitative properties of solutions of nonlinear elliptic equations}",
	journal = {Discrete Contin. Dyn. Syst.},
	volume = {8},
	pages = {331--359},
	year = {2002},
}

@article {Cabre-Dim4,
	author = {Cabr\'e, X.},
	title = "{Regularity of minimizers of semilinear elliptic problems up to dimension 4}",
	journal = {Comm. Pure Appl. Math.},
	volume = {63},
	pages = {1362--1380},
	year = {2010},
}

@article {Cabre-Saddle,
	author = {Cabr\'e, X.},
	title = "{Uniqueness and stability of saddle-shaped solutions to the Allen-Cahn equation}",
	journal = {J. Math. Pures Appl.},
	volume = {98},
	pages = {239--256},
	year = {2012},
}

@article{CabreCapella-Radial,
	author = {Cabr\'e, X. and {Capella}, A.},
	title = "{Regularity of radial minimizers and extremal solutions of semilinear elliptic equations}",
	journal = {J. Funct. Anal.},
	volume = {238},
	pages = {709--733},
	year = {2006},
}

@article{CabreCapella-Minimizers,
	author = {{Cabr\'e}, X. and {Capella}, A.},
	title = "{Regularity of minimizers for three elliptic problems: minimal cones, harmonic maps, and semilinear equations}",
	journal = {Pure Appl. Math. Q.},
	volume = {3},
	pages = {801--825},
	year = {2007},
}

@article{CabreCinti-EnergyHalfL,
	author = {Cabr\'e, X. and Cinti, E.},
	title = "{Energy estimates and 1-D symmetry for nonlinear equations involving the half-Laplacian}",
	journal = {Discrete Contin. Dyn. Syst.},
	volume = {28},
	pages = {1179--1206},
	year = {2010},
}

@article{CabreCinti-SharpEnergy,
	author = {Cabr\'e, X. and Cinti, E.},
	title = "{Sharp energy estimates for nonlinear fractional diffusion equations}",
	journal = {Calc. Var. Partial Differential Equations},
	volume = {49},
	pages = {233--269},
	year = {2014},
}

@article{CabreCintiSerra-Stable,
	author = {Cabr\'e, X. and Cinti, E. and Serra, J.},
	title = "{Stable solutions to the fractional Allen-Cahn equation}",
	journal = {preprint},
	year = {2018},
}

@article{CabreCintiSerra-Cones,
	author = {Cabr\'e, X. and Cinti, E. and Serra, J.},
	title = "{Stable $s$-minimal cones in $\mathbb{R}^3$ are flat for $s\sim1$}",
	journal = {to appear in J. Reine Angew. Math.},
}

@article{CabreFallSolaMoralesWeth,
	author = {Cabr\'e, X. and Fall, M. and Sol\`a-Morales, J. and Weth, T.},
	TITLE = {Curves and surfaces with constant nonlocal mean curvature:
	meeting {A}lexandrov and {D}elaunay},
	JOURNAL = {J. Reine Angew. Math.},
	FJOURNAL = {Journal f\"{u}r die Reine und Angewandte Mathematik. [Crelle's
	Journal]},
	VOLUME = {745},
	YEAR = {2018},
	PAGES = {253--280},
	ISSN = {0075-4102},
	MRCLASS = {53A10 (53A04 58E12)},
	DOI = {10.1515/crelle-2015-0117},
	URL = {https://doi.org/10.1515/crelle-2015-0117},
}

@article{CabreFallWeth-Delaunay,
	author = {Cabr\'e, X. and Fall, M. and Weth, T.},
	TITLE = {Delaunay hypersurfaces with constant nonlocal mean curvature},
	JOURNAL = {J. Math. Pures Appl. (9)},
	FJOURNAL = {Journal de Math\'{e}matiques Pures et Appliqu\'{e}es. Neuvi\`eme S\'{e}rie},
	VOLUME = {110},
	YEAR = {2018},
	PAGES = {32--70},
	ISSN = {0021-7824},
	MRCLASS = {47G20 (35B10 35J60 35J93)},
	DOI = {10.1016/j.matpur.2017.07.005},
	URL = {https://doi.org/10.1016/j.matpur.2017.07.005},
}

@article{CabreFallWeth-lattices,
	author = {Cabr\'e, X. and Fall, M. and Weth, T.},
	title = "{Near-sphere lattices with constant nonlocal mean curvature}",
	journal = {Math. Ann.},
	volume = {370},
	year = {2018},
	pages = {1513--1569},
}

@article{CabreFelipe,
	author = {Cabr\'e, X. and Felipe-Navarro, J.C.},
	title = "{Liouville type results for fractional Schr\"odinger operators in 1D}",
	journal = {in preparation}
}

@article{CabreFigalliRosSerra-Dim9,
	author = {Cabr\'e, X. and Figalli, A. and Ros-Oton, X. and Serra, J.},
	title = "{Stable solutions to semilinear elliptic equations are smooth up to dimension 9}",
	journal = {in preparation}
}

@article{CabreMasSolaMorales,
	author = {Cabr\'e, X. and Mas, A. and Sol\`a-Morales, J.},
	title = "{Stationary periodic solutions of Fractional and Dispersive equations: Variational approach and associated Hamiltonian}",
	journal = {in preparation}
}

@article{CabreRosOton-DoubleRev,
    AUTHOR = {Cabr\'e, X. and Ros-Oton, X.},
    TITLE = "{Regularity of stable solutions up to dimension $7$ in domains of double revolution}",
    JOURNAL = {Comm. Partial Differential Equations},
    VOLUME = {38},
    YEAR = {2013},
    PAGES = {135--154},	
}

@article {CabreSanchonSpruck,
	AUTHOR = {Cabr\'{e}, X. and Sanch\'{o}n, M. and Spruck, J.},
	TITLE = {A priori estimates for semistable solutions of semilinear
	elliptic equations},
	JOURNAL = {Discrete Contin. Dyn. Syst.},
	FJOURNAL = {Discrete and Continuous Dynamical Systems. Series A},
	VOLUME = {36},
	YEAR = {2016},
	NUMBER = {2},
	PAGES = {601--609},
	ISSN = {1078-0947},
	MRCLASS = {35J61 (35B65 35J25)},
	DOI = {10.3934/dcds.2016.36.601},
	URL = {https://doi.org/10.3934/dcds.2016.36.601},
}

@article{CabreSanzPerela-BMO,
	author = {Cabr\'e, X. and Sanz-Perela, T.},
	title = "{BMO and $L^\infty$ estimates for stable solutions to fractional semilinear elliptic equations}",
	journal = {in preparation}
}

@article{CabreSireI,
	author = {Cabr\'e, X. and Sire, Y.},
	title = "{Nonlinear equations for fractional Laplacians, I: Regularity, maximum principles, and Hamiltonian estimates}",
	journal = {Ann. Inst. H. Poincar\'e Anal. Non Lin\'eaire},
	volume = {31},
	pages = {23--53},
	year = {2014},
}

@article{CabreSireII,
	author = {Cabr\'e, X. and Sire, Y.},
	title = "{Nonlinear equations for fractional Laplacians II: Existence, uniqueness, and qualitative properties of solutions}",
	journal = {Trans. Amer. Math. Soc.},
	volume = {367},
	pages = {911--941},
	year = {2015},
}

@article {CabreSerra-SumLaplacians,
	AUTHOR = {Cabr\'{e}, X. and Serra, J.},
	TITLE = {An extension problem for sums of fractional {L}aplacians and
	1-{D} symmetry of phase transitions},
	JOURNAL = {Nonlinear Anal.},
	FJOURNAL = {Nonlinear Analysis. Theory, Methods \& Applications. An
	International Multidisciplinary Journal},
	VOLUME = {137},
	YEAR = {2016},
	PAGES = {246--265},
	ISSN = {0362-546X},
	MRCLASS = {35R11 (35B06)},
	DOI = {10.1016/j.na.2015.12.014},
	URL = {https://doi.org/10.1016/j.na.2015.12.014},
}

@article {CabreSolaMorales,
	author = {Cabr\'e, X. and Sol\`a-Morales, J.},
	title = "{Layer solutions in a half-space for boundary reactions}",
	journal = {Comm. Pure Appl. Math.},
	volume = {58},
	pages = {1678--1732},
	year = {2005},
}

@article {CabreTerraI,
	author = {Cabr\'e, X. and Terra, J.},
	title = "{Saddle-shaped solutions of bistable diffusion equations in all of $\mathbb{R}^{2m}$}",
	journal = {J. Eur. Math. Soc.},
	volume = {11},
	pages = {819--843},
	year = {2009},
}

@article {CabreTerraII,
	author = {Cabr\'e, X. and Terra, J.},
	title = "{Qualitative properties of saddle-shaped solutions to bistable diffusion equations}",
	journal = {Comm. Partial Differential Equations},
	volume = {35},
	pages = {1923--1957},
	year = {2010},
}

@article {CaffarelliFigalli,
	AUTHOR = {Caffarelli, L. and Figalli, A.},
	TITLE = {Regularity of solutions to the parabolic fractional obstacle
	problem},
	JOURNAL = {J. Reine Angew. Math.},
	FJOURNAL = {Journal f\"{u}r die Reine und Angewandte Mathematik. [Crelle's
	Journal]},
	VOLUME = {680},
	YEAR = {2013},
	PAGES = {191--233},
	ISSN = {0075-4102},
	MRCLASS = {35R35 (35B65 35D40 49N60 91G20)},
	DOI = {10.1515/crelle.2012.036},
	URL = {https://doi.org/10.1515/crelle.2012.036},
}

@article{CaffarelliRoquejoffreSavin,
	author = {Caffarelli, L.  and   Roquejoffre, J.~M. and Savin, O.},
	title = "{Nonlocal minimal surfaces}",
	journal = { Comm. Pure Appl. Math.},
	volume = {63},
	pages = {1111--1144},
	year = {2010},
}

@article {CaffarelliRoquejoffreSire,
	AUTHOR = {Caffarelli, L. and Roquejoffre, J.-M. and Sire, Y.},
	TITLE = {Variational problems for free boundaries for the fractional
	{L}aplacian},
	JOURNAL = {J. Eur. Math. Soc. (JEMS)},
	FJOURNAL = {Journal of the European Mathematical Society (JEMS)},
	VOLUME = {12},
	YEAR = {2010},
	PAGES = {1151--1179},
	ISSN = {1435-9855},
	MRCLASS = {49K10 (35J92)},
	DOI = {10.4171/JEMS/226},
	URL = {https://doi.org/10.4171/JEMS/226},
}

@article{CaffarelliSilvestre,
	author = {Caffarelli, L.  and   Silvestre, L. },
	title = "{An extension problem related to the fractional Laplacian}",
	journal = {Comm. Partial Differential Equations},
	volume = {32},
	pages = {1245--1260},
	year = {2007},
}

@article {CaffarelliSilvestreSalsa,
	AUTHOR = {Caffarelli, L. and Salsa, S. and Silvestre, L.},
	TITLE = {Regularity estimates for the solution and the free boundary of
	the obstacle problem for the fractional {L}aplacian},
	JOURNAL = {Invent. Math.},
	FJOURNAL = {Inventiones Mathematicae},
	VOLUME = {171},
	YEAR = {2008},
	PAGES = {425--461},
	ISSN = {0020-9910},
	MRCLASS = {35R35 (35B65)},
	DOI = {10.1007/s00222-007-0086-6},
	URL = {https://doi.org/10.1007/s00222-007-0086-6},
}

@article{CaffarelliValdinoci,
	author = {Caffarelli, L.  and   Valdinoci, E. },
	title = "{Regularity properties of nonlocal minimal surfaces via limiting arguments}",
	journal = {Adv. Math.},
	volume = {248},
	pages = {843--871},
	year = {2013}
}

@article {CaffarelliVasseur-Annals,
	AUTHOR = {Caffarelli, L. and Vasseur, A.},
	TITLE = {Drift diffusion equations with fractional diffusion and the
	quasi-geostrophic equation},
	JOURNAL = {Ann. of Math. (2)},
	FJOURNAL = {Annals of Mathematics. Second Series},
	VOLUME = {171},
	YEAR = {2010},
	NUMBER = {3},
	PAGES = {1903--1930},
	ISSN = {0003-486X},
	MRCLASS = {35Q35 (35B45 35B65 35R11 76B03 86A10)},
	DOI = {10.4007/annals.2010.171.1903},
	URL = {https://doi.org/10.4007/annals.2010.171.1903},
}

@incollection {CaffarelliVasseur-LectureNotes,
	AUTHOR = {Caffarelli, L. and Vasseur, A.},
	TITLE = {The {D}e {G}iorgi method for nonlocal fluid dynamics},
	TITLE = {Nonlinear partial differential equations},
	SERIES = {Adv. Courses Math. CRM Barcelona},
	PAGES = {1--38},
	PUBLISHER = {Birkh\"{a}user/Springer Basel AG, Basel},
	YEAR = {2012},
	MRCLASS = {35Q35 (35B65)},
	DOI = {10.1007/978-3-0348-0191-1_1},
	URL = {https://doi.org/10.1007/978-3-0348-0191-1_1},
}

@article {CaffarelliVasseur-DeGiorgi,
	AUTHOR = {Caffarelli, L. and Vasseur, A.},
	TITLE = {The {D}e {G}iorgi method for regularity of solutions of
	elliptic equations and its applications to fluid dynamics},
	JOURNAL = {Discrete Contin. Dyn. Syst. Ser. S},
	FJOURNAL = {Discrete and Continuous Dynamical Systems. Series S},
	VOLUME = {3},
	YEAR = {2010},
	NUMBER = {3},
	PAGES = {409--427},
	ISSN = {1937-1632},
	MRCLASS = {35B65 (35Q30 76D03)},
	DOI = {10.3934/dcdss.2010.3.409},
	URL = {https://doi.org/10.3934/dcdss.2010.3.409},
}

@article {Campanato,
	AUTHOR = {Campanato, S.},
	TITLE = {Propriet\`a di h\"{o}lderianit\`a di alcune classi di funzioni},
	JOURNAL = {Ann. Scuola Norm. Sup. Pisa (3)},
	VOLUME = {17},
	YEAR = {1963},
	PAGES = {175--188}
}

@article{CapellaEtAl,
	author = {Capella, A. and D{\'a}vila, J. and Dupaigne, L. and Sire, Y. },
	title = "{Regularity of radial extremal solutions for some non-local semilinear equations}",
	journal = {Comm. Partial Differential Equations},
	volume = {36},
	pages = {1353--1384},
	year = {2011},
}

@article{Carbou,
	title = "{Unicit\'e et minimalit\'e des solutions d'une \'equation de Ginzburg-Landau}",
	journal = {Ann. Inst. H. Poincar\'e Anal. Non Lin\'eaire},
	volume = {12},
	pages = {305--318},
	year = {1995},
	author = {Carbou, G.},
}

@article{ChanLiuWei,
	author = {Chan, H. and Liu, Y. and Wei, J.},
	title = "{A gluing construction for fractional elliptic equations. Part I: a model problem on the catenoid}",
	journal = {preprint},
	year = {2017}
}

@article {ChenLiLi,
	AUTHOR = {Chen, W. and Li, C. and Li, Y.},
	TITLE = "{A direct method of moving planes for the fractional {L}aplacian}",
	JOURNAL = {Adv. Math.},
	FJOURNAL = {Advances in Mathematics},
	VOLUME = {308},
	YEAR = {2017},
	PAGES = {404--437},
}

@article{ChenLiZhang,
	author = {Chen, W. and Li, Y. and Zhang, R.},
	doi = {10.1016/J.JFA.2017.02.022},
	journal = {J. Funct. Anal.},
	pages = {4131--4157},
	title = "{A direct method of moving spheres on fractional order equations}",
	volume = {272},
	year = {2017}
}

@article {CintiFerrari,
	AUTHOR = {Cinti, E. and Ferrari, F.},
	TITLE = {Geometric inequalities for fractional {L}aplace operators and
	applications},
	JOURNAL = {NoDEA Nonlinear Differential Equations Appl.},
	VOLUME = {22},
	YEAR = {2015},
	PAGES = {1699--1714},
	ISSN = {1021-9722},
	MRCLASS = {35R11 (35A23 35J61)},
	MRNUMBER = {3415018},
	DOI = {10.1007/s00030-015-0340-3},
	URL = {https://doi.org/10.1007/s00030-015-0340-3},
}

@article{Cinti-Saddle,
	author = {Cinti, E.},
	title = "{Saddle-shaped solutions of bistable elliptic equations involving the half-Laplacian}",
	journal = {Ann. Sc. Norm. Super. Pisa Cl. Sci. (5)},
	volume = {12},
	pages = {623--664},
	year = {2013},
}

@article{Cinti-Saddle2,
	author = {Cinti, E.},
	title = "{Saddle-shaped solutions for the fractional Allen-Cahn equation}",
	journal = {Discrete Contin. Dyn. Syst. Ser. S},
	volume = {11},
	pages = {441--463},
	year = {2018},
}

@article{CintiSerraValdinoci,
	author = {Cinti, E. and Serra, J. and Valdinoci, E.},
	title = "{Quantitative flatness results and $BV$-estimates for stable nonlocal minimal surfaces}",
	journal = {preprint},
	year = {2016},
}

@article{CiraoloFigalliMaggiNovaga,
	author = {Ciraolo, G.  and Figalli, A. and Maggi, F. and Novaga, M.},
	title = "{Rigidity and sharp stability estimates for hypersurfaces with constant and almost-constant nonlocal mean curvature}",
	journal = {to appear in J. Reine Angew. Math.},
}

@article{CrandallRabinowitz,
	author = {Crandall, M.~G.  and Rabinowitz, P.~H.},
	title="{Some continuation and variational methods for positive solutions of nonlinear elliptic eigenvalue problems}",
	journal= {Arch. Rational Mech. Anal.},
	volume={58},
	pages={207--218},
	year={1975},
}

@incollection {Constantin,
	AUTHOR = {Constantin, P.},
	TITLE = {Euler equations, {N}avier-{S}tokes equations and turbulence},
	BOOKTITLE = {Mathematical foundation of turbulent viscous flows},
	SERIES = {Lecture Notes in Math.},
	VOLUME = {1871},
	PAGES = {1--43},
	PUBLISHER = {Springer, Berlin},
	YEAR = {2006},
	MRCLASS = {76-02 (35Q35 37N10 76B03 76D03 76D05 76F02)},
	DOI = {10.1007/11545989_1},
	URL = {https://doi.org/10.1007/11545989_1},
}

@book{ContTankov,
	AUTHOR = {Cont, R. and Tankov, P.},
	TITLE = {Financial Modelling With Jump Processes},
	SERIES = {Financial Mathematics Series},
	PUBLISHER = "{Chapman \& Hall/CRC, Boca Raton, FL}",
	YEAR = {2004},
}

@article{Cozzi-DeGiorgiClassesLong,
	author = {Cozzi, M.},
	journal = {J. Funct. Anal.},
	number = {11},
	pages = {4762--4837},
	title = "{Regularity results and Harnack inequalities for minimizers and solutions of nonlocal problems: A unified approach via fractional De Giorgi classes}",
	year = {2017}
}

@article{Cozzi-DeGiorgiClassesShort,
	author = {Cozzi, M.},
	title = "{Fractional De Giorgi classes and applications to nonlocal regularity theory}",
	journal = {preprint},
	url = {http://arxiv.org/abs/1802.01560},
	year = {2018}
}

@article{CozziPassalacqua,
	author = {Cozzi, M. and Passalacqua, T.},
	title = "{One-dimensional solutions of non-local Allen-Cahn-type equations with rough kernels}",
	journal = {J. Differential Equations},
	volume = {260},
	pages = {6638--6696},
	year = {2016},
}

@incollection {CozziFigalli-Survey,
	AUTHOR = {Cozzi, M. and Figalli, A.},
	TITLE = {Regularity theory for local and nonlocal minimal surfaces: an
	overview},
	TITLE = {Nonlocal and nonlinear diffusions and interactions: new
	methods and directions},
	SERIES = {Lecture Notes in Math.},
	VOLUME = {2186},
	PAGES = {117--158},
	PUBLISHER = {Springer, Cham},
	YEAR = {2017},
	MRCLASS = {49Q05 (35B65 35J93 49-02)},
}

%%%D


@article{DangFifePeletier,
	author = {Dang, H. and Fife, P.~C. and Peletier, L.~A.},
	title = "{Saddle solutions of the bistable diffusion equation}",
	journal = {Z. Angew. Math. Phys. },
	volume = {43},
	pages = {984--998},
	year = {1992},
}

@article{DaviladelPinoWei,
	author = {D{\'a}vila, J. and del Pino, M. and Wei, J.},
	title = "{Nonlocal $s$-minimal surfaces and Lawson cones}",
	journal = {J. Differential Geom.},
	volume = {109},
	pages = {111--175},
	year = {2018},
}

@article {DavilaDupaigneMontenegro,
	AUTHOR = {D\'{a}vila, J. and Dupaigne, L. and Montenegro, M.},
	TITLE = {The extremal solution of a boundary reaction problem},
	JOURNAL = {Commun. Pure Appl. Anal.},
	VOLUME = {7},
	YEAR = {2008},
	PAGES = {795--817},
	ISSN = {1534-0392},
	DOI = {10.3934/cpaa.2008.7.795},
	URL = {https://doi.org/10.3934/cpaa.2008.7.795},
}

@book {DeGiorgi1961,
	AUTHOR = {De Giorgi, E.},
	TITLE = {Frontiere orientate di misura minima},
	SERIES = {Seminario di Matematica della Scuola Normale Superiore di
	Pisa, 1960-61},
	PUBLISHER = {Editrice Tecnico Scientifica, Pisa},
	YEAR = {1961},
	PAGES = {57},
	MRCLASS = {49.00 (53.04)},
}

@article {DeGiorgi1965,
	AUTHOR = {De Giorgi, E.},
	TITLE = {Una estensione del teorema di {B}ernstein},
	JOURNAL = {Ann. Scuola Norm. Sup. Pisa (3)},
	VOLUME = {19},
	YEAR = {1965},
	PAGES = {79--85},
	MRCLASS = {49.00 (53.04)},
}

@inproceedings {DeGiorgi1979Conjecture,
	AUTHOR = {De Giorgi, E.},
	TITLE = {Convergence problems for functionals and operators},
	BOOKTITLE = {Proceedings of the {I}nternational {M}eeting on {R}ecent
	{M}ethods in {N}onlinear {A}nalysis ({R}ome, 1978)},
	PAGES = {131--188},
	PUBLISHER = {Pitagora, Bologna},
	YEAR = {1979},
	MRCLASS = {49A50 (49D99)},
}

@article{delPinoKowalczykWei,
	author = {del Pino, M. and Kowalczyk, M. and Wei, J.},
	title = "{On De Giorgi's conjecture in dimension $N\geq9$}",
	journal = {Ann. of Math.},
	volume = {174},
	pages = {1485--1569},
	year = {2011},
}

@article{DiCastoKuusiPalatucci,
	author = {Di Castro, A. and Kuusi, T. and Palatucci, G.},
	title="{Nonlocal Harnack inequalities}",
	journal= {J. Funct. Anal.},
	year={2014},
	volume={267},
	pages={1807--1836},
	doi={https://doi.org/10.1016/j.jfa.2014.05.023},
	url={http://www.sciencedirect.com/science/article/pii/S0022123614002407?via%3Dihub}
}

@article{HitchhikerGuide,
	author = {Di Nezza, E. and Palatucci, G. and Valdinoci, E.},
	title = "{Hitchhiker's guide to the fractional Sobolev spaces}",
	journal = {Bull. Sci. Math.},
	volume = {136},
	pages = {521--573},
	year = {2012},
}

@article{DipierroFarinaValdinoci,
	author = {Dipierro, S. and Farina, A. and Valdinoci, E.},
	TITLE = "{A three-dimensional symmetry result for a phase transition
	equation in the genuinely nonlocal regime}",
	JOURNAL = {Calc. Var. Partial Differential Equations},
	VOLUME = {57},
	YEAR = {2018},
	PAGES = {Art. 15, 21},
}

@article{DipierroPalatucciValdinoci,
	author="Dipierro, S. and Palatucci, G. and Valdinoci, E.",
	title= "{Dislocation Dynamics in Crystals: A Macroscopic Theory in a Fractional Laplace Setting}",
	journal="Comm. Math. Phys.",
	year="2015",
	volume="333",
	pages="1061--1105",
	doi="10.1007/s00220-014-2118-6",
	url="https://doi.org/10.1007/s00220-014-2118-6"
}

@article{DipierroSerraValdinoci,
	author = {Dipierro, S. and Serra, J. and Valdinoci, E.},
	title = "{Improvement of flatness for nonlocal phase transitions}",
	journal = {preprint},
	year = {2017},
}

@incollection {DipierroValdinoci,
	AUTHOR = {Dipierro, S. and Valdinoci, E.},
	TITLE = {Nonlocal minimal surfaces: interior regularity, quantitative
	estimates and boundary stickiness},
	BOOKTITLE = {Recent developments in nonlocal theory},
	PAGES = {165--209},
	PUBLISHER = {De Gruyter, Berlin},
	YEAR = {2018},
	MRCLASS = {49Q05 (35A15)},
}

@article {doCarmoPeng,
	AUTHOR = {do Carmo, M. and Peng, C.~K.},
	TITLE = {Stable complete minimal surfaces in {${\mathbb R}^{3}$} are
	planes},
	JOURNAL = {Bull. Amer. Math. Soc. (N.S.)},
	FJOURNAL = {American Mathematical Society. Bulletin. New Series},
	VOLUME = {1},
	YEAR = {1979},
	NUMBER = {6},
	PAGES = {903--906},
	ISSN = {0273-0979},
	MRCLASS = {53A10 (53C42)},
	DOI = {10.1090/S0273-0979-1979-14689-5},
	URL = {https://doi.org/10.1090/S0273-0979-1979-14689-5},
}

@article{Drugan,
	author = {Drugan, W.~J.},
	year = {2003},
	pages = {1745--1772},
	title = {Two exact micromechanics-based nonlocal constitutive equations for random linear elastic composite materials},
	volume = {51},
	journal = {J. Mech. Phys. Solids},
	doi = {10.1016/S0022-5096(03)00049-8}
}

@book{Dupaigne,
	author    = {Dupaigne, L.},
	title     = "{Stable solutions of elliptic partial differential equations}",
	year      = {2011},
	publisher = "Chapman and Hall/CRC",	
}


%%%E


@book {Evans,
	title =     "{Partial Differential Equations: Second Edition}",
	author =    {Evans, L.~C.},
	publisher = {AMS},
	isbn =      {9780821849743,0821849743},
	year =      {2010},
	series =    {Graduate Studies in Mathematics},
	edition =   {2nd},
	volume =    {},
	url =     {http://gen.lib.rus.ec/book/index.php?md5=96727826294444C8132E5CA6D90BC36E}
}


%%%F


@article{FabesKenigSerapioni,
	author = {Fabes, E.~B. and Kenig, C.~E. and Serapioni, R.~P. },
	title = "{The local regularity of solutions of degenerate elliptic equations}",
	journal = { Comm. Partial Differential Equations},
	volume = {7},
	pages = {77--116},
	year = {1982},
}

@article {FallWethMonotonicity,
	AUTHOR = {Fall, M. and Weth, T.},
	TITLE = "{Monotonicity and nonexistence results for some fractional elliptic problems in the half-space}",
	JOURNAL = {Commun. Contemp. Math.},
	VOLUME = {18},
	YEAR = {2016},
	PAGES = {1550012, 25},
	DOI = {10.1142/S0219199715500121},
	URL = {https://doi.org/10.1142/S0219199715500121},
}

@incollection{FarinaValdinoci-DeGiorgi,
	AUTHOR = {Farina, A. and Valdinoci, E.},
	TITLE = "{The state of the art for a conjecture of De Giorgi and related problems}",
	BOOKTITLE = {Recent progress on reaction-diffusion systems and viscosity solutions},
	PAGES = {74--96},
	PUBLISHER = {World Sci. Publ., Hackensack, NJ},
	YEAR = {2009},
	DOI = {10.1142/9789812834744_0004},
	URL = {https://doi.org/10.1142/9789812834744_0004},
}

@article{FazlySire,
	archivePrefix = {arXiv},
	arxivId = {1807.06189},
	author = {Fazly, M. and Sire, Y.},
	eprint = {1807.06189},
	title = "{Symmetry properties for solutions of nonlocal equations involving nonlinear operators}",
	url = {http://arxiv.org/abs/1807.06189},
	year = {2018},
	journal = {preprint}
}

@article{Felipe-Sanz-Perela:SaddleFractional,
	archivePrefix = {arXiv},
	arxivId = {1810.08483},
	author = {Felipe-Navarro, J.C. and Sanz-Perela, T.},
	title = "{Uniqueness and stability of the saddle-shaped solution to the fractional Allen-Cahn equation}",
	journal = {to appear in Rev. Mat. Iberoam., preprint arXiv 1810.08483},
	year = {2018}
}

@article{FelipeSanz-Perela:IntegroDifferentialI,
	archivePrefix = {arXiv},
	arxivId = {1903.05158},
	author = {Felipe-Navarro, J.C. and Sanz-Perela, T.},
	title = "{Semilinear integro-differential equations, I: odd solutions with respect to the Simons cone}",
	journal = {to appear in J. Funct. Anal., preprint arXiv 1903.05158},
	year = {2019}
}

@article{FelipeSanz-Perela:IntegroDifferentialII,
	archivePrefix = {arXiv},
	arxivId = {1905.11431},
	author = {Felipe-Navarro, J.C. and Sanz-Perela, T.},
	title = "{Semilinear integro-differential equations, II: one-dimensional and saddle-shaped solutions to the Allen-Cahn equation}",
	journal = {preprint arXiv 1905.11431},
	year = {2019}
}

@article {FelmerWang,
	AUTHOR = {Felmer, P. and Wang, Y.},
	TITLE = "{Radial symmetry of positive solutions to equations involving
	the fractional {L}aplacian}",
	JOURNAL = {Commun. Contemp. Math.},
	VOLUME = {16},
	YEAR = {2014},
	PAGES = {1350023, 24},
	DOI = {10.1142/S0219199713500235},
	URL = {https://doi.org/10.1142/S0219199713500235}
}

@article{FelsingerKassmannVoigt,
	author = {Felsinger, M. and Kassmann, M.  and Voig , P.},
	title = "{The Dirichlet problem for nonlocal operators}",
	journal = {Math. Z.},
	volume = {279},
	pages = {779--809},
	year = {2015},
}

@article{FigalliSerra,
	author = {Figalli, A. and Serra, J.},
	title = "{On stable solutions for boundary reactions: a De Giorgi-type result in dimension 4+1}",
	journal = {preprint},
	year = {2017}
}

@article{FigalliValdinoci,
	author = {Figalli, A. and Valdinoci, E.},
	title = "{Regularity and Bernstein-type results for nonlocal minimal surfaces}",
	journal = {J. Reine Angew. Math.},
	volume = {2017},
	pages = {263--273},
	year = {2017},
}

@article {deFigueiredoLionsNussbaum,
	AUTHOR = {de Figueiredo, D.~G. and Lions, P.-L. and Nussbaum, R.~D.},
	TITLE = {A priori estimates and existence of positive solutions of
	semilinear elliptic equations},
	JOURNAL = {J. Math. Pures Appl. (9)},
	FJOURNAL = {Journal de Math\'{e}matiques Pures et Appliqu\'{e}es. Neuvi\`eme S\'{e}rie},
	VOLUME = {61},
	YEAR = {1982},
	NUMBER = {1},
	PAGES = {41--63},
	ISSN = {0021-7824},
	MRCLASS = {35J60},
}

@article {FisherColbrieShoen,
	AUTHOR = {Fischer-Colbrie, D. and Schoen, R.},
	TITLE = {The structure of complete stable minimal surfaces in
	{$3$}-manifolds of nonnegative scalar curvature},
	JOURNAL = {Comm. Pure Appl. Math.},
	FJOURNAL = {Communications on Pure and Applied Mathematics},
	VOLUME = {33},
	YEAR = {1980},
	NUMBER = {2},
	PAGES = {199--211},
	ISSN = {0010-3640},
	MRCLASS = {53C40 (58E12)},
	DOI = {10.1002/cpa.3160330206},
	URL = {https://doi.org/10.1002/cpa.3160330206},
}

@article{FrankLenzmann,
	author= {Frank, R.~L. and Lenzmann, E.},
	title="{Uniqueness of non-linear ground states for fractional Laplacians in $\mathbb{R}$}",
	journal= {Acta Math.},
	volume={210},
	pages={261--318},
	year={2013},
}

@article {FrankLenzmannSilvestre,
	AUTHOR = {Frank, R.~L. and Lenzmann, E. and Silvestre, L.},
	TITLE = {Uniqueness of radial solutions for the fractional {L}aplacian},
	JOURNAL = {Comm. Pure Appl. Math.},
	FJOURNAL = {Communications on Pure and Applied Mathematics},
	VOLUME = {69},
	YEAR = {2016},
	NUMBER = {9},
	PAGES = {1671--1726},
	ISSN = {0010-3640},
	MRCLASS = {35R11 (35A02 35B07)},
	DOI = {10.1002/cpa.21591},
	URL = {https://doi.org/10.1002/cpa.21591},
}

@article {FrankLiebSeiringer-Hardy,
	AUTHOR = {Frank, R.~ L. and Lieb, E.~H. and Seiringer, R.},
	TITLE = {Hardy-{L}ieb-{T}hirring inequalities for fractional
	{S}chr\"{o}dinger operators},
	JOURNAL = {J. Amer. Math. Soc.},
	FJOURNAL = {Journal of the American Mathematical Society},
	VOLUME = {21},
	YEAR = {2008},
	NUMBER = {4},
	PAGES = {925--950},
	ISSN = {0894-0347},
	MRCLASS = {35P20 (26D15 35J10 35P15 46E35 47F05 81Q10)},
	DOI = {10.1090/S0894-0347-07-00582-6},
	URL = {https://doi.org/10.1090/S0894-0347-07-00582-6},
}


%%%G

@article {Gelfand,
	AUTHOR = {Gel'fand, I.~M.},
	TITLE = {Some problems in the theory of quasilinear equations},
	JOURNAL = {Amer. Math. Soc. Transl. (2)},
	FJOURNAL = {American Mathematical Society Translations},
	VOLUME = {29},
	YEAR = {1963},
	PAGES = {295--381},
	ISSN = {0065-9290},
	MRCLASS = {35.00},
}

@article{GhoussoubGui,
	author = {Ghoussoub, N. and Gui, C.},
	title="{On a conjecture of De Giorgi and some related problems}",
	journal= {Math. Ann.},
	volume = {311},
	pages = {481--491},
	year = {1998},
}

@article {GhoussoubGui-odd,
	author = {Ghoussoub, N. and Gui, C.},
	TITLE = {On {D}e {G}iorgi's conjecture in dimensions 4 and 5},
	JOURNAL = {Ann. of Math. (2)},
	FJOURNAL = {Annals of Mathematics. Second Series},
	VOLUME = {157},
	YEAR = {2003},
	PAGES = {313--334},
	ISSN = {0003-486X},
	MRCLASS = {35J60 (35J15 49J45)},
	DOI = {10.4007/annals.2003.157.313},
	URL = {https://doi.org/10.4007/annals.2003.157.313},
}

@article{GibbonsTownsend,
	title = "{Bogomol'nyi equation for inter-secting domain walls}",
	journal = {Phys. Rev. Lett.},
	volume = {83},
	pages = {1727--1730},
	year = {1999},
	author = {Gibbons, G.~W. and Townsend, P.~K.},
}

@book {GilbargTrudinger,
	author = {Gilbarg, D. and Trudinger, N.~S.},
	title = "{Elliptic partial differential equations of second order}",
	edition = {2nd},
	publisher = {Springer Berlin, New York },
	year = {2001},
}

@article {GilboaOsher,
	AUTHOR = {Gilboa, G. and Osher, S.},
	TITLE = {Nonlocal operators with applications to image processing},
	JOURNAL = {Multiscale Model. Simul.},
	FJOURNAL = {Multiscale Modeling \& Simulation. A SIAM Interdisciplinary
	Journal},
	VOLUME = {7},
	YEAR = {2008},
	PAGES = {1005--1028},
	ISSN = {1540-3459},
	MRCLASS = {94A08 (35A15 68U10)},
	DOI = {10.1137/070698592},
	URL = {https://doi.org/10.1137/070698592},
}

@article{GinzburgLandau,
	author = {Ginzburg, V.~L. and Landau, L.~D.},
	title = "{Towards the Superconductivity Theory}",
	journal = {J. Exp. Theor. Phys.},
	volume = {20},
	pages = {1064},
	year = {1950}
}

@book{Giusti,
	author = {Giusti, E.},
	title = "{Minimal surfaces and functions of bounded variation}",
	series = {Monographs in Mathematics},
	volume = 80,
	publisher = {Birkhauser Verlag},
	adress = {Basel},
	year = {1984},
}

@article {Gonzalez,
	author = {Gonz\'alez, M.d.M},
	title = "{Gamma convergence of an energy functional related to the fractional {L}aplacian}",
	journal = {Calc. Var. Partial Differential Equations},
	volume = {36},
	year = {2009},
	pages = {173--210}
}

@article {GraciaSanzPerela-PianoTuning,
	author = {Gr\`acia, X. and Sanz-Perela, T.},
	title = "{The wave equation for stiff strings and piano tuning}",
	journal = { Rep. @SCM},
	volume = {3},
	year = {2017},
	pages = {1--16}
}

@article{GrecoServadei,
	author = {Greco, A. and Servadei, R.},
	title= "{Hopf's lemma and constrained radial symmetry for the fractional Laplacian}",
	journal= {Math. Res. Lett.},
	volume = {23},
	pages = {863--885},
	year = {2016},
}

@article{Gui-Saddle,
	author = {Gui, C.},
	title="{Hamiltonian identities for elliptic partial differential equations}",
	journal= {J. Funct. Anal.},
	volume = {254},
	pages = {904--933},
	year = {2008},
}


%%%H


@article{HamelRosOtonSireValdinoci,
	author = {Hamel, F. and Ros-Oton, X. and Sire, Y. and Valdinoci, E.},
	title = "{A one-dimensional symmetry result for a class of nonlocal semilinear equations in the plane}",
	journal = {Ann. Institut H. Poincar\'e},
	volume = {34},
	pages = {469--482},
	year = {2017},
	
}


%%%I


@article{IlcewiczNarasimhanWilson,
	title = "An experimental verification of nonlocal fracture criterion",
	journal = "Engrg. Fracture Mech.",
	volume = "14",
	pages = "801--808",
	year = "1981",
	issn = "0013-7944",
	doi = "https://doi.org/10.1016/0013-7944(81)90092-8",
	url = "http://www.sciencedirect.com/science/article/pii/0013794481900928",
	author = {Ilcewicz, L. and Narasimhan, M. and Wilson, J.},
}



%%%J


@article{JerisonMonneau,
	author = {Jerison, D. and Monneau, R.},
	title= "{Towards a counter-example to a conjecture of De Giorgi in high dimensions}",
	journal= {Ann. Mat. Pura Appl. (4)},
	volume = {183},
	pages = {439--467},
	year = {2004},
}

@article {JarohsWeth,
	AUTHOR = {Jarohs, S. and Weth, T.},
	TITLE = "{Symmetry via antisymmetric maximum principles in nonlocal problems of variable order}",
	JOURNAL = {Ann. Mat. Pura Appl. (4)},
	FJOURNAL = {Annali di Matematica Pura ed Applicata. Series IV},
	VOLUME = {195},
	YEAR = {2016},
	PAGES = {273--291},
}

@Article{JosephLundgren,
	author= {Joseph, D.~D. and Lundgren, T.~S.},
	title= "{Quasilinear Dirichlet problems driven by positive sources}",
	journal= {Arch. Rational Mech. Anal.},
	year={1973},
	volume={49},
	pages={241--269},
	issn={1432-0673},
	doi={10.1007/BF00250508},
	url={http://dx.doi.org/10.1007/BF00250508}
}


%%%K


@article {KatkovnikFoiEgiazarianAstola,
	AUTHOR = {Katkovnik, V. and Foi, A. and Egiazarian, K.
	and Astola, J},
	TITLE = {From local kernel to nonlocal multiple-model image denoising},
	JOURNAL = {Int. J. Comput. Vis.},
	FJOURNAL = {International Journal of Computer Vision},
	VOLUME = {86},
	YEAR = {2010},
	NUMBER = {1},
	PAGES = {1--32},
	ISSN = {0920-5691},
	MRCLASS = {68U10 (68T45)},
	DOI = {10.1007/s11263-009-0272-7},
	URL = {https://doi.org/10.1007/s11263-009-0272-7},
}


%%%L


@article{Ladyzenskaja,
	title = "{New equations for the description of the motions of viscous incompressible fluids, and global solvability for their boundary value problems}",
	journal = {Trudy Mat. Inst. Steklov.},
	volume = {102},
	pages = {85--104},
	year = {1967},
	author = {Lady\^zenskaja, O.~A.},
}

@article{Lapeyre,
	title={Surface quasi-geostrophy},
	author={Lapeyre, G.},
	journal={Fluids},
	volume={2},
	pages={7},
	year={2017},
	publisher={Multidisciplinary Digital Publishing Institute}
}

@article{Levendorskii,
	author = {Levendorski, S.},
	year = {2004},
	pages = {303-335},
	title = {Pricing of the American Put under L\'evy Processes},
	volume = {7},
	journal = {Int. J.Theor. Appl. Finance},
	doi = {10.1142/S0219024904002463}
}

@article{LiZhang,
	title = "{Liouville-type theorems and harnack-type inequalities for semilinear elliptic equations}",
	journal = {J. Anal. Math.},
	volume = {90},
	pages = {27--87},
	year = {2003},
	author = {Li, Y. and Zhang, L.}
}

@article {LiuWangWei,
	AUTHOR = {Liu, Y. and Wang, K. and Wei, J.},
	TITLE = {Global minimizers of the {A}llen-{C}ahn equation in dimension
	{$n\geq 8$}},
	JOURNAL = {J. Math. Pures Appl. (9)},
	FJOURNAL = {Journal de Math\'{e}matiques Pures et Appliqu\'{e}es. Neuvi\`eme S\'{e}rie},
	VOLUME = {108},
	YEAR = {2017},
	PAGES = {818--840},
	ISSN = {0021-7824},
	MRCLASS = {35J60 (35B33 35B40 35J20 35J25)},
	DOI = {10.1016/j.matpur.2017.05.006},
	URL = {https://doi.org/10.1016/j.matpur.2017.05.006},
}

@Inbook{Lu2005,
	author="Lu, G.",
	title="The Peierls---Nabarro Model of Dislocations: A Venerable Theory and its Current Development",
	bookTitle="Handbook of Materials Modeling: Methods",
	year="2005",
	publisher="Springer Netherlands",
	address="Dordrecht",
	pages="793--811",
	isbn="978-1-4020-3286-8",
	doi="10.1007/978-1-4020-3286-8_41",
	url="https://doi.org/10.1007/978-1-4020-3286-8_41"
}


%%%M


@article{MancinelliVergniVulpiani,
	author = {Mancinelli, R. and Vergni, D. and Vulpiani, A.},
	title = "{Front propagation in reactive systems with anomalous diffusion}",
	journal = {Phys. D},
	year = 2003,
	volume = {185},
	pages = {175-195},
}

@article {MassaccesiValdinoci,
	AUTHOR = {Massaccesi, A. and Valdinoci, E.},
	TITLE = {Is a nonlocal diffusion strategy convenient for biological
	populations in competition?},
	JOURNAL = {J. Math. Biol.},
	FJOURNAL = {Journal of Mathematical Biology},
	VOLUME = {74},
	YEAR = {2017},
	NUMBER = {1-2},
	PAGES = {113--147},
	ISSN = {0303-6812},
	MRCLASS = {35Q92 (46N60 92D25)},
	DOI = {10.1007/s00285-016-1019-z},
	URL = {https://doi.org/10.1007/s00285-016-1019-z},
}

@article{Merton1976,
	title = "Option pricing when underlying stock returns are discontinuous",
	journal = "J. Finan. Econ.",
	volume = "3",
	pages = "125 - 144",
	year = "1976",
	issn = "0304-405X",
	doi = "https://doi.org/10.1016/0304-405X(76)90022-2",
	url = "http://www.sciencedirect.com/science/article/pii/0304405X76900222",
	author = "Merton, R.",
}

@article{MetzlerKlafter,
	title = "{The random walk's guide to anomalous diffusion: a fractional dynamics approach}",
	journal = {Phys. Rep.},
	volume = {339},
	pages = {1 - 77},
	year = {2000},
	doi = "https://doi.org/10.1016/S0370-1573(00)00070-3",
	url = "http://www.sciencedirect.com/science/article/pii/S0370157300000703",
	author = {Metzler, R. and  Klafter, J.},
}

@inproceedings {Modica,
	author = {Modica, L.},
	title = "{{$\Gamma $}-convergence to minimal surfaces problem and global solutions of {$\Delta u=2(u^{3}-u)$}}",
	booktitle = {Proceedings of the {I}nternational {M}eeting on {R}ecent {M}ethods in {N}onlinear {A}nalysis ({R}ome, 1978)},
	pages = {223--244},
	publisher = {Pitagora, Bologna},
	year = {1979}
}

@article {ModicaMortola,
	AUTHOR = {Modica, L. and Mortola, S.},
	TITLE = "{Un esempio di {$\Gamma ^{-}$}-convergenza}",
	JOURNAL = {Boll. Un. Mat. Ital. B (5)},
	VOLUME = {14},
	YEAR = {1977},
	PAGES = {285--299}
}


%%%N


@book{Nachbin,
	title = "{The Haar integral}",
	author = {Nachbin, L.},
	publisher = {D. Van Nostrand Co., Inc.},
	adress = {Princeton, N.J.-Toronto-London},
	year = {1965}
}

@article{Nedev,
	title = "{Regularity of the extremal solution of semilinear elliptic equations}",
	journal = {C. R. Acad. Sci. Paris S\'er. I Math.},
	volume = {330},
	pages = {997-1002},
	year = {2000},
	issn = {0764-4442},
	doi = {http://dx.doi.org/10.1016/S0764-4442(00)00289-5},
	url = {http://www.sciencedirect.com/science/article/pii/S0764444200002895},
	author = {Nedev, G.}
}

@article{Nedev2,
	title = "{Extremal solutions of semilinear elliptic equations}",
	year = {2001},
	note = {Unpublished preprint},
	author = {Nedev, G.}
}

@book{Niculescu,
	title= "{Convex Functions and their Applications: A Contemporary Approach}",
	author={Niculescu, C. and Persson, L.E.}, 
	isbn={9780387243009},  
	series={CMS Books in Mathematics},  
	url={https://books.google.es/books?id=xpT\_Kl9OS24C}, 
	year={2005}, 
	publisher={Springer New York}
}


%%%O


%%%P


%%%Q


@article {QuaasXia,
	author = {Quaas, A. and Xia, A.},
	title = "{Liouville type theorems for nonlinear elliptic equations and systems involving fractional {L}aplacian in the half space}",
	journal = {Calc. Var. Partial Differential Equations},
	volume = {52},
	year = {2015},
	pages = {641--659}
}


%%%R


@book{Rockafellar1970,
	address = {Princeton},
	author = {Rockafellar, R.~T.},
	doi = {10.1515/9781400873173},
	isbn = {9781400873173},
	month = {jan},
	publisher = {Princeton University Press},
	title = "{Convex Analysis}",
	url = {https://www.degruyter.com/view/books/9781400873173/9781400873173/9781400873173.xml},
	year = {1970}
}

@article{RosOton-Survey,
	author = {Ros-Oton, X.},
	title="{Nonlocal elliptic equations in bounded domains: a survey}",
	journal={Publ. Mat.},
	year={2016},
	volume={60},
	pages={3-26},
}

@article{RosOton-Gelfand,
	author = {Ros-Oton, X.},
	title="{Regularity for the fractional Gelfand problem up to dimension 7}",
	journal= {J. Math. Anal. Appl.},
	year={2014},
	volume={419},
	pages={10-19},
}

@article{RosOtonSerra-Extremal,
	author = {Ros-Oton, X. and Serra, J.},
	title="{The extremal solution for the fractional Laplacian}",
	journal= {Calc. Var. Partial Differential Equations},
	year = {2014},
	volume={50},
	pages={723-750},
	issn={1432-0835},
	doi={10.1007/s00526-013-0653-1},
	url={http://dx.doi.org/10.1007/s00526-013-0653-1}
}

@article{RosOtonSerra-Regularity,
	author = {Ros-Oton, X. and Serra, J.},
	title = "{The Dirichlet problem for the fractional Laplacian: regularity up to the boundary}",
	journal = {J. Math. Pures Appl.},
	volume = {101},
	pages = {275-302},
	year = {2014},
	issn = {0021-7824},
	doi = {http://dx.doi.org/10.1016/j.matpur.2013.06.003},
	url = {http://www.sciencedirect.com/science/article/pii/S0021782413000895}
}

@article {RosOtonSerra-Pohozaev,
	AUTHOR = {Ros-Oton, X. and Serra, J.},
	TITLE = "{The {P}ohozaev identity for the fractional {L}aplacian}",
	JOURNAL = {Arch. Ration. Mech. Anal.},
	VOLUME = {213},
	YEAR = {2014},
	PAGES = {587--628},
	DOI = {10.1007/s00205-014-0740-2},
	URL = {https://doi.org/10.1007/s00205-014-0740-2},
}

@article {RosOtonSerra-Stable,
	AUTHOR = {Ros-Oton, X. and Serra, J.},
	TITLE = "{Regularity theory for general stable operators}",
	JOURNAL = {J. Differential Equations},
	VOLUME = {260},
	YEAR = {2016},
	PAGES = {8675--8715}
}


%%%S


@article{Sanchon,
	author = {Sanchón, M.},
	title = "{Boundedness of the extremal solution of some $p$-Laplacian problems}",
	journal = {Nonlinear Anal.},
	volume = {67},
	pages = {281-294},
	year = {2007},
	issn = {0362-546X},
	doi = {http://dx.doi.org/10.1016/j.na.2006.05.010},
	url = {http://www.sciencedirect.com/science/article/pii/S0362546X06003166},
	
}

@article{SanzPerela-Radial,
	author = {Sanz-Perela, T.},
	title = "{Regularity of radial stable solutions to semilinear elliptic equations for the fractional Laplacian}",
	journal = {Commun. Pure Appl. Anal.},
	pages = {2547--2575},
	volume = {17},
	year = {2018}
}

@article{Savin-DeGiorgi,
	author = {Savin, O.},
	title = "{Regularity of flat level sets in phase transitions}",
	journal = {Ann. of Math.},
	volume = {169},
	pages = {41-78},
	year = {2009},
}

@article{Savin-Fractional,
	author = {Savin, O.},
	title = "{Rigidity of minimizers in nonlocal phase transitions}",
	journal = {Anal. PDE},
	volume = {11},
	year = {2018},
	pages = {1881--1900},
}

@article{Savin-Fractional2,
	author = {Savin, O.},
	title = "{Rigidity of minimizers in nonlocal phase transitions II}",
	journal = {preprint},
	year = {2018}
}

@article{SavinValdinoci-Cones,
	author = {Savin, O. and Valdinoci, E.},
	title = "{Regularity of nonlocal minimal cones in dimension 2}",
	journal = {Calc. Var. Partial Differential Equations},
	volume = {48},
	pages = {33-39},
	year = {2013}
}

@article{SavinValdinoci-EnergyEstimate,
	author = {Savin, O. and Valdinoci, E.},
	title = "{Density estimates for a variational model driven by the Gagliardo norm}",
	journal = {J. Math. Pures Appl.},
	volume = {101},
	pages = {1-26},
	year = {2014}
}

@article {SavinValdinoci-GammaConvergence,
	author = {Savin, O. and Valdinoci, E.},
	title = "{$\Gamma$-convergence for nonlocal phase transitions}",
	journal = {Ann. Inst. H. Poincar\'e Anal. Non Lin\'eaire},
	volume = {29},
	year = {2012},
	pages = {479--500}
}

@article{SavinValdinoci-Stable,
	author = {Savin, O. and Valdinoci, E.},
	TITLE = {Some monotonicity results for minimizers in the calculus of
	variations},
	JOURNAL = {J. Funct. Anal.},
	FJOURNAL = {Journal of Functional Analysis},
	VOLUME = {264},
	YEAR = {2013},
	PAGES = {2469--2496},
	ISSN = {0022-1236},
	MRCLASS = {49N60 (35J20 35J91 49J10)},
	DOI = {10.1016/j.jfa.2013.02.005},
	URL = {https://doi.org/10.1016/j.jfa.2013.02.005},
}

@article{Schatzman,
	author = {Schatzman, M.},
	title ="{On the stability of the saddle solution of Allen-Cahn's equation}",
	journal ={Proc. Roy. Soc. Edinburgh Sect. A},
	volume ={125},
	pages ={1241-1275},
	year ={1995},
}

@article{SerraC2s+alphaRegularity,
	author = {Serra, J.},
	title ="{$C^{\sigma + \alpha}$ regularity for concave nonlocal fully nonlinear elliptic equations with rough kernels}",
	journal ={Calc. Var. Partial Differential Equations},
	volume ={54},
	pages ={3571--3601},
	year ={2015},
}

@article{ServadeiValdinoci,
	author = {Servadei, R. and Valdinoci, E.},
	title ="{Variational methods  for non-local operators of elliptic type}",
	journal ={Discrete Contin. Dyn. Syst.},
	volume ={33},
	pages ={2105-2137},
	year ={2013},
	issn ={1078-0947},
	doi ={10.3934/dcds.2013.33.2105},
	url ={http://aimsciences.org/journals/displayArticlesnew.jsp?paperID=8026},
	
}

@article{ServadeiValdinoci-Spectral,
	author = {Servadei, R. and Valdinoci, E.},
	title = "{On the spectrum of two different fractional operators}",
	journal = {Proc. Roy. Soc. Edinburgh Sect. A},
	volume = {144},
	month = {8},
	year = {2014},
	issn = {1473-7124},
	pages = {831-855},
	numpages = {25},
	doi = {10.1017/S0308210512001783},
	URL = {http://journals.cambridge.org/article_S0308210512001783},
}

@article {Simons,
	AUTHOR = {Simons, J.},
	TITLE = {Minimal varieties in riemannian manifolds},
	JOURNAL = {Ann. of Math. (2)},
	FJOURNAL = {Annals of Mathematics. Second Series},
	VOLUME = {88},
	YEAR = {1968},
	PAGES = {62--105},
	ISSN = {0003-486X},
	MRCLASS = {53.04 (35.00)},
	DOI = {10.2307/1970556},
	URL = {https://doi.org/10.2307/1970556},
}

@article{SireValdinoci,
	author = {Sire, Y. and Valdinoci, E.},
	title = "{Fractional Laplacian phase transitions and boundary reactions: a geometric inequality and a symmetry result}",
	journal = {J. Funct. Anal.},
	volume = {256},
	pages = "{1842--1864}",
	year = {2009},
}

@article {SternbergZumbrum1,
	AUTHOR = {Sternberg, P. and Zumbrun, K.},
	TITLE = {Connectivity of phase boundaries in strictly convex domains},
	JOURNAL = {Arch. Rational Mech. Anal.},
	VOLUME = {141},
	YEAR = {1998},
	PAGES = {375--400},
	DOI = {10.1007/s002050050081},
	URL = {https://doi.org/10.1007/s002050050081},
}

@article {SternbergZumbrum2,
	AUTHOR = {Sternberg, P. and Zumbrun, K.},
	TITLE = {A {P}oincar\'{e} inequality with applications to
	volume-constrained area-minimizing surfaces},
	JOURNAL = {J. Reine Angew. Math.},
	VOLUME = {503},
	YEAR = {1998},
	PAGES = {63--85},
}

@article{StingaTorrea,
	author = { Stinga, P.~R. and Torrea, J.~L. },
	title = "{Extension problem and Harnack's inequality for some fractional operators}",
	journal = {Comm. Partial Differential Equations},
	volume = {35},
	pages = {2092-2122},
	year = {2010},
	doi = {10.1080/03605301003735680},
	URL = {http://dx.doi.org/10.1080/03605301003735680},
	eprint = {http://dx.doi.org/10.1080/03605301003735680}
}


%%%T


@article{Tan,
	title = "{Positive solutions for non local elliptic problems}",
	journal = {Discrete Contin. Dyn. Syst.},
	volume = {33},
	pages = {837--859},
	year = {2013},
	author = {Tan, J.},
}

@article{TanXiong,
	title = "{A Harnack inequality for fractional Laplace equations with lower order terms}",
	journal = {Discrete Contin. Dyn. Syst.},
	volume = {31},
	pages = {975-983},
	year = {2011},
	doi = {10.3934/dcds.2011.31.975},
	url = {http://aimsciences.org//article/id/ce2bc323-fae5-44dc-90e4-4577e710d842},
	author = {Tan, J. and Xiong, J.},
}

@article {Toland-PeierlsNabarro,
	AUTHOR = {Toland, J.~F.},
	TITLE = {The {P}eierls-{N}abarro and {B}enjamin-{O}no equations},
	JOURNAL = {J. Funct. Anal.},
	FJOURNAL = {Journal of Functional Analysis},
	VOLUME = {145},
	YEAR = {1997},
	NUMBER = {1},
	PAGES = {136--150},
	ISSN = {0022-1236},
	MRCLASS = {35Q53 (73D35 76B99 76E99)},
	DOI = {10.1006/jfan.1996.3016},
	URL = {https://doi.org/10.1006/jfan.1996.3016},
}


%%%U


%%%V


@article{Valdinoci,
	title = "{From the long jump random walk to the fractional Laplacian }",
	journal = {Bol. Soc. Esp. Mat. Apl. SeMA},
	volume = {49},
	pages = {33-44},
	year = {2009},
	author = {Valdinoci, E.},
}

@article {VasanDeconinck,
	AUTHOR = {Vasan, V. and Deconinck, B.},
	TITLE = {The {B}ernoulli boundary condition for traveling water waves},
	JOURNAL = {Appl. Math. Lett.},
	FJOURNAL = {Applied Mathematics Letters. An International Journal of Rapid
	Publication},
	VOLUME = {26},
	YEAR = {2013},
	NUMBER = {4},
	PAGES = {515--519},
	ISSN = {0893-9659},
	MRCLASS = {35Q31 (35C07)},
	DOI = {10.1016/j.aml.2012.12.008},
	URL = {https://doi.org/10.1016/j.aml.2012.12.008},
}

@article{Villegas,
	author = {Villegas, S.},
	title = "{Boundedness of extremal solutions in dimension 4}",
	journal = {Adv. Math.},
	volume = {235},
	pages = {126-133},
	year = {2013},
	issn = {0001-8708},
	doi = {http://dx.doi.org/10.1016/j.aim.2012.11.015},
	url = {http://www.sciencedirect.com/science/article/pii/S0001870812004355},
	
}

@ARTICLE{Viswanathan2008,
	author = {{Viswanathan}, G.~M. and {Raposo}, E.~P. and {da Luz}, M.~G.~E.
	},
	title = "{L{\'e}vy flights and superdiffusion in the context of biological encounters and random searches}",
	journal = {Physics of Life Reviews},
	keywords = {Random walks and Levy flights, Ecology and evolution, Complex systems},
	year = 2008,
	month = sep,
	volume = 5,
	pages = {133-150},
	doi = {10.1016/j.plrev.2008.03.002},
	adsurl = {http://adsabs.harvard.edu/abs/2008PhLRv...5..133V},
	adsnote = {Provided by the SAO/NASA Astrophysics Data System}
}


%%%W


%%%X


%%%Y


@book{Yaroslavsky,
	AUTHOR = {Yaroslavsky, L.~P.},
	TITLE = {Digital picture processing},
	SERIES = {Springer Series in Information Sciences},
	VOLUME = {9},
	NOTE = {An introduction},
	PUBLISHER = {Springer-Verlag, Berlin},
	YEAR = {1985},
	PAGES = {xii+276},
	ISBN = {3-540-11934-5},
	MRCLASS = {94-01 (68U10 94A12)},
	DOI = {10.1007/978-3-642-81929-2},
	URL = {https://doi.org/10.1007/978-3-642-81929-2},
}


%%%Z




%%%%%%%%%%%%%%%%%%%%%%%%%%%%%%%%

@ARTICLE{2010Nature,
	author = {Humphries, N.~E. and Queiroz, N. and Dyer, J.~R. and Pade, N.~G. and Musyl, M.~K. and Schaefer, K.~M. and Fuller, D.~W. and Brunnschweiler, J.~M. and Doyle, T.~K. and Houghton, J.~D. and Hays, G.~C. and Jones, C.~S. and Noble, L.~R. and Wearmouth, V.~J. and Southall, E.~J. and Sims, D.~W.},
	title = "{Environmental context explains L{\'e}vy and Brownian movement patterns of marine predators}",
	journal = {Nature},
	year = 2010,
	volume = {465},
	pages = {1066--1069},
	doi = {10.1038/nature09116}
}
